5118 6613
1607 548 1918 615 INDEX
1967 551 2311 615 RERUM
2361 552 2490 617 ET
2535 551 3086 617 VERBORUM.

605 721 755 781 entis
770 735 832 781 et
849 721 991 783 ratio
1009 736 1070 782 et
1084 742 1254 783 causa
1269 733 1358 783 est
1373 721 1561 783 unitas
1597 739 1711 800 757

604 803 757 863 entis
785 816 988 863 natura
1013 819 1152 884 quot
1180 804 1365 864 modis
1392 804 1714 865 considere-

685 897 780 944 tur
1367 886 1488 945 Fic.
1517 906 1574 964 p.
1598 904 1667 960 23
1676 901 1709 962 5

605 965 754 1026 entis
778 979 1038 1025 naturam
1059 966 1371 1027 unitatibus
1390 967 1713 1028 seecundum

686 1067 882 1128 parere
910 1047 1064 1107 ideas
1591 1048 1704 1107 681

603 1128 752 1188 eutis
779 1129 948 1210 primi
978 1142 1237 1189 naturam
1266 1130 1451 1210 prima
1478 1129 1564 1188 sui
1593 1128 1710 1188 ori-

682 1209 818 1290 gine
845 1210 1219 1290 multiplicem
1246 1225 1308 1271 et
1327 1230 1688 1271 numerosam

604 1373 756 1430 entis
781 1370 947 1450 primi
976 1375 1217 1434 influxus
1629 1387 1705 1449 45

604 1453 755 1512 entis
783 1454 1141 1533 acceptiones
1168 1454 1519 1535 quotuplices
1589 1455 1703 1529 603

603 1533 751 1593 entis
779 1534 1120 1595 foecunditas
1142 1558 1177 1596 a
1203 1556 1565 1595 numerorum
1582 1555 1707 1594 cer-

685 1614 758 1673 tis
778 1617 1238 1695 proportionibus
1257 1617 1545 1696 quomodo
1567 1635 1708 1696 pen·

686 1696 818 1756 deat
1588 1698 1699 1756 681

605 1779 755 1837 entis
780 1791 840 1838 et
871 1779 1037 1838 unius
1065 1781 1295 1841 collatio
1589 1780 1707 1856 758

602 1860 752 1917 entis
781 1863 1155 1938 proprietates
1359 1860 1480 1919 Fic.
1507 1880 1568 1939 p.
1594 1861 1708 1919 126

602 1940 750 1999 entis
777 1941 922 2000 ratio
949 1946 1267 2020 quantitate
1294 1942 1510 2002 diversa

1359 2023 1475 2083 Fic.
1507 2044 1562 2102 p.
1590 2039 1701 2098 273

602 2100 750 2162 entis
775 2104 1010 2182 perfecti
1037 2105 1396 2165 conditiones
1586 2104 1704 2180 308

603 2183 750 2245 entis
778 2183 938 2264 origo
1355 2186 1474 2244 Fic.
1505 2206 1560 2262 p.
1585 2203 1618 2260 3
1640 2203 1706 2262 ¹9

601 2265 751 2325 entis
772 2278 832 2325 et
853 2287 971 2325 non
995 2268 1142 2328 entis
1160 2268 1389 2329 collatio
1427 2268 1492 2325 F.
1516 2287 1570 2343 p.
1587 2284 1706 2344 309

603 2347 750 2406 entis
776 2369 985 2427 genera
1011 2349 1083 2408 de
1111 2370 1172 2409 se
1200 2349 1437 2409 invicem
1468 2346 1707 2406 minime

684 2430 1065 2508 praedicantur
1357 2429 1474 2489 Fic.
1505 2450 1562 2507 p.
1589 2444 1697 2505 591

604 2509 753 2569 entis
780 2525 1068 2591 respectus
1103 2511 1162 2570 in
1188 2523 1525 2591 propagatas
1551 2529 1619 2568 ex
1646 2528 1709 2568 se

683 2595 922 2671 species,
953 2592 1112 2672 quasi
1140 2593 1380 2662 soboles,
1411 2612 1537 2670 quae
1565 2592 1708 2649 ratio

602 2686 759 2812 entilii
777 2754 1058 2814 elementa
1085 2753 1335 2833 quinque
1374 2752 1494 2813 Fic.
1518 2774 1573 2832 p.
1588 2687 1703 2830 {3}

602 2834 676 2893 de
699 2836 855 2894 Ente
879 2856 1218 2915 quocunque
1408 2834 1542 2894 icari
1580 2835 1707 2893 uni-

685 2928 862 2977 tatem
1587 2917 1700 2974 681

609 3000 766 3057 entia
793 2999 946 3057 bons
1632 3014 1705 3074 73

605 3078 760 3138 entia
785 3098 915 3138 vera
1403 3077 1524 3138 Fic.
1553 3098 1611 3157 p.
1629 3096 1704 3154 37

605 3159 758 3219 entia
783 3180 911 3219 vera
938 3179 1063 3238 quae
1103 3157 1241 3228 sint,
1271 3171 1331 3219 et
1357 3159 1454 3219 ubi
1495 3159 1708 3218 subsis-

685 3253 812 3300 tant
1585 3256 1706 3320 559

603 3323 758 3382 entia
784 3321 1033 3403 duplicia
1402 3321 1522 3383 Fic.
1548 3343 1606 3403 p.
1626 3338 1703 3398 37

603 3406 760 3464 entia
783 3405 841 3464 in
872 3424 992 3463 aevo
1019 3405 1331 3463 consistere
1586 3404 1700 3481 691

601 3486 756 3546 entis
770 3487 1028 3565 quiedam
1047 3485 1300 3544 materie
1311 3487 1561 3564 expertia
1596 3501 1703 3562 175

603 3568 761 3627 entia
785 3565 1009 3626 fundari
1044 3565 1104 3624 iu
1135 3585 1391 3633 numero,
1420 3578 1481 3625 et
1506 3586 1707 3625 nume-

684 3668 809 3707 rum
837 3648 899 3707 in
926 3660 1095 3715 0111ος
1138 3660 1338 3728 postea
1374 3649 1562 3727 ipsum
1603 3666 1707 3706 ens

683 3729 743 3788 in
774 3750 888 3789 uno
913 3730 1173 3824 protinus
1201 3727 1459 3807 dissipari
1581 3728 1707 3805 679

603 3810 818 3871 entium
845 3808 1185 3890 principium
1204 3823 1265 3869 et
1280 3809 1410 3868 finis
1426 3811 1491 3869 F.
1509 3831 1566 3889 p.
1590 3811 1705 3886 236

601 3892 819 3951 entium
845 3891 1128 3971 optimum
1628 3910 1662 3967 3
1677 3910 1698 3950 1

601 3972 818 4033 entium
846 3985 907 4032 et
932 3992 1232 4051 corporum
1259 3970 1488 4030 collatio
1590 3974 1705 4048 748

600 4055 819 4115 entium
848 4054 1225 4134 perfectorum
1266 4051 1361 4111 ubi
1397 4052 1473 4110 sit
1513 4052 1705 4111 multi-

683 4136 825 4194 tudo
1585 4149 1617 4209 5
1627 4135 1703 4211 58

602 4216 820 4276 entium
845 4229 1189 4275 aeternorum
1219 4234 1454 4295 regnum
1592 4232 1708 4291 174

602 4300 830 4357 entibus
855 4297 1093 4357 sublatis
1123 4296 1261 4355 nihil
1290 4307 1546 4354 remanet
1587 4297 1706 4372 316

604 4380 896 4438 Enomaus
921 4378 1290 4459 philosophus
1303 4398 1360 4436 v.
1379 4376 1705 4437 OEnomaus

603 4539 839 4620 Epicuri
866 4540 1074 4621 dogma
1591 4558 1624 4597 2
1637 4558 1659 4597 1
1671 4557 1704 4615 3

601 4624 848 4716 epicurei
877 4620 1173 4680 somniant
1588 4639 1708 4696 310

602 4722 993 4783 0111001001οω
1022 4715 1083 4762 01
1120 4701 1431 4762 stoicorum
1473 4715 1705 4761 senten-

683 4785 766 4843 tia
792 4784 866 4843 de
892 4783 1082 4842 anima
1112 4783 1387 4842 refutatur
1585 4802 1707 4861 459

602 4865 993 4945 epicureorum
1028 4862 1221 4943 opinio
1262 4866 1334 4923 de
1376 4864 1540 4923 rebus
1581 4883 1705 4923 cor-

676 4944 931 5041 pulentis
957 4946 1227 5005 refellitur
1353 4944 1474 5003 Fic.
1503 4967 1564 5025 p.
1587 4946 1704 5022 548

600 5047 989 5106 epicureorum
1002 5046 1157 5086 error
1166 5027 1238 5086 de
1249 5027 1440 5085 anima
1455 5027 1517 5084 F.
1529 5048 1583 5106 p.
1598 5046 1615 5085 1
1630 5046 1706 5104 70

601 5109 783 5188 epulis
820 5107 1093 5168 adstructi
1118 5106 1472 5168 daemonibus
1499 5108 1705 5166 famili-

683 5209 807 5249 ares
1357 5187 1476 5247 Fic.
1506 5210 1564 5268 p.
1587 5207 1701 5265 403

606 5271 916 5331 errationes
1357 5270 1480 5329 Fic.
1506 5290 1563 5349 p.
1592 5289 1659 5328 21
1677 5291 1699 5329 1

601 5366 784 5411 errata
804 5351 990 5431 qualia
1011 5353 1071 5410 in
1101 5351 1185 5421 iis,
1214 5371 1340 5429 (1οω
1367 5364 1709 5429 generantur

602 5532 729 5571 esse
753 5526 814 5571 et
839 5513 1021 5572 vivere
1046 5533 1222 5592 quare
1248 5524 1517 5591 optentur
1588 5451 1708 5589 333

603 5614 744 5664 esse,
767 5593 951 5654 vivere
991 5608 1052 5653 et
1091 5593 1404 5675 intelligere
1443 5594 1710 5653 differunt

1588 5692 1705 5752 507

1795 744 1919 783 esse
1945 737 2217 804 quantam
2247 724 2358 784 vim
2389 726 2592 784 babeat
2781 725 2891 801 691

1794 825 1917 866 esse
1946 809 2270 885 priusquam
2302 806 2486 866 inesse
2549 806 2664 866 Fic.
2694 827 2752 886 p.
2783 808 2890 864 281

1793 907 1917 947 esse
1945 887 2289 967 quadruplex
2542 888 2666 947 Fic.
2697 908 2754 966 p.
2778 888 2891 962 663

1792 988 1916 1028 esse
1932 982 1991 1028 et
2006 969 2190 1029 forma
2209 971 2590 1048 reciprocatur
2610 970 2675 1027 F.
2698 989 2755 1047 p.
2774 987 2891 1043 443

1790 1069 1995 1109 essean
2015 1064 2167 1111 recte
2179 1051 2250 1110 de
2265 1052 2416 1110 bono
2428 1050 2765 1129 praedicetur
2778 1067 2810 1125 7
2822 1067 2896 1126 29

1790 1151 1912 1190 esse
1946 1152 2074 1211 quse
2113 1132 2394 1200 dicautur,
2421 1146 2565 1210 quot
2589 1145 2648 1191 et
2676 1151 2803 1210 quae
2829 1151 2897 1191 ea

1870 1213 1986 1271 sint
2777 1213 2898 1290 566

1789 1313 1914 1353 0000
1961 1293 2258 1353 relativum
2299 1294 2590 1372 quomodo
2630 1314 2754 1353 esse
2800 1293 2892 1363 011,

1870 1388 1932 1435 01
1959 1375 2108 1435 unde
2134 1375 2465 1435 conficiatur
2774 1375 2892 1452 582

1788 1475 1913 1515 esse
1941 1469 2003 1515 ut
2030 1458 2102 1516 de
2131 1456 2365 1516 materis
2390 1457 2612 1516 dicatur
2818 1474 2896 1533 74

1787 1556 1912 1597 esse
1939 1557 2113 1617 penes
2141 1540 2280 1597 deos
2305 1538 2440 1616 quid
2817 1553 2891 1613 77

1787 1639 1912 1679 esse
1958 1632 2018 1679 et
2063 1619 2285 1698 pulchri
2330 1631 2558 1678 mutuus
2606 1631 2893 1697 respectus

2545 1700 2661 1760 Fic.
2691 1721 2749 1779 p.
2774 1717 2890 1778 592

1788 1800 1910 1841 esse
1950 1781 2241 1860 quomodo
2282 1781 2341 1840 in
2382 1781 2729 1860 superiorem
2758 1801 2891 1840 cau·

1867 1882 1988 1922 sum
2019 1864 2324 1923 resolvatur
2544 1863 2664 1922 Fic.
2693 1883 2748 1941 p.
2771 1862 2893 1936 446

1787 1944 2032 2004 essentia
2583 1943 2702 2002 Fic.
2731 1964 2787 2023 p.
2811 1961 2888 2019 47

1785 2026 2033 2085 essentia
2059 2024 2195 2104 quid
2545 2025 2663 2084 Fic.
2692 2045 2748 2104 p.
2773 2043 2892 2103 319

1787 2107 2033 2166 essentia
2058 2108 2240 2186 prima
2266 2127 2384 2165 000
2412 2105 2606 2165 anima
2641 2126 2756 2165 suae
2792 2126 2891 2165 ex-

1867 2188 2112 2247 istentiae
2138 2188 2370 2246 domina
2398 2188 2511 2246 dici
2538 2200 2730 2266 potest
2775 2206 2887 2265 745

1785 2271 2030 2328 essentia
2054 2268 2234 2349 prima
2257 2290 2393 2327 num
2414 2272 2487 2327 ab
2503 2269 2622 2328 ullo
2642 2281 2775 2328 ente
2795 2289 2891 2347 pa-

1868 2353 2043 2410 tiatur
2071 2363 2336 2428 tanquam
2366 2371 2400 2409 a
2426 2349 2711 2408 contrario
2773 2350 2893 2427 690

1786 2432 2032 2491 essentia
2054 2431 2236 2511 prima
2265 2431 2334 2490 ad
2362 2431 2645 2510 agendum
2666 2431 2896 2490 consul-

1870 2513 2083 2571 tatione
2113 2533 2229 2571 1100
2260 2512 2473 2592 indiget
2541 2511 2660 2571 Fic.
2690 2533 2749 2591 p.
2773 2530 2892 2587 430

1788 2593 2032 2653 essentia
2053 2595 2234 2672 prima
2253 2594 2445 2652 omnia
2464 2592 2893 2673 intellig-it‚cum

1869 2676 2215 2743 0001010010,
2235 2687 2359 2733 tum
2381 2676 2606 2753 propria
2623 2676 2688 2733 F.
2705 2692 2888 2754 11.443

1788 2756 2050 2826 0000111111,
2108 2755 2383 2825 voluntas,
2441 2756 2591 2815 00110
2646 2754 2706 2813 10
2762 2757 2895 2815 1)οο

1872 2838 2021 2897 1110111
2052 2851 2189 2896 0001
2777 2855 2890 2914 747

1787 2918 2029 2978 essentia
2057 2919 2346 2997 quomodo
2385 2937 2455 2978 ex
2490 2938 2610 2978 non
2636 2918 2896 2978 essentiis

1869 3001 2199 3060 conficiatur
2784 2999 2895 3058 180

1789 3081 2034 3141 essentia
2061 3081 2217 3140 nulla
2242 3080 2434 3140 ociosa
2590 3080 2712 3140 Fic.
2740 3101 2797 3159 p.
2815 3096 2894 3156 47

1790 3162 2034 3222 essentia
2061 3182 2189 3221 vera
2213 3164 2273 3220 in
2304 3182 2417 3240 quo
2460 3163 2678 3221 mundo
2718 3181 2896 3242 pona·

1873 3256 1984 3314 tur,
2013 3256 2073 3303 01
2099 3243 2193 3302 ubi
2220 3258 2488 3323 appareat
2776 3244 2894 3320 617

1787 3326 2034 3387 essentia
2054 3339 2114 3385 et
2130 3326 2240 3385 vita
2255 3326 2544 3405 quomodo
2559 3346 2735 3385 unum
2758 3325 2894 3393 0101,

1870 3420 1930 3467 01
1958 3428 2146 3466 rursus
2173 3407 2464 3485 quomodo
2486 3407 2751 3467 differant
2779 3422 2893 3484 597

1790 3488 2037 3549 essentia
2056 3508 2346 3567 quousque
2367 3488 2425 3547 in
2446 3508 2671 3568 quaque
2693 3509 2752 3547 10
2775 3508 2897 3566 per-

1871 3583 2094 3631 severet
2776 3570 2897 3646 756

1788 3650 2009 3710 unitate
2031 3649 2343 3711 conservari
2372 3650 2616 3709 essentia
2815 3648 2896 3708 ib.

1787 3731 2036 3791 essentia
2084 3731 2350 3811 quaelibet
2410 3731 2726 3790 naturalem
2786 3730 2894 3789 sibi

1869 3812 2290 3872 multitudinem
2313 3811 2585 3891 possidet,
2603 3825 2664 3871 et
2682 3813 2896 3871 interea

1867 3906 1955 3953 est
1977 3893 2207 3974 aliquod
2235 3914 2414 3952 unum
2775 3906 2887 3970 755

1787 3974 2033 4035 essentia
2091 3975 2377 4053 quomodo
2443 3972 2853 4054 imaginatione

1866 4056 2405 4133 comprehendenda
2780 4055 2849 4114 18
2863 4074 2884 4114 1

1785 4150 2030 4311 2ζὲἓέ
2054 4150 2500 4277 σίιῖῗὲἓῗωωωω
2544 4137 2801 4276 fga-⁰133:
2815 4141 2895 4277 ⁷02

1868 4299 2256 4379 intelligentie
2775 4317 2884 4376 731

1789 4382 2034 4439 essentia
2059 4393 2119 4440 et
2146 4380 2329 4438 forma
2355 4378 2538 4460 prima
2571 4379 2721 4440 idem
2758 4393 2896 4440 sunt

2543 4462 2665 4522 Pie.
2694 4484 2751 4542 p.
2775 4480 2891 4538 443

1787 4542 2030 4603 essentia
2056 4554 2324 4619 generata
2351 4542 2536 4600 minor
2561 4556 2868 4624 generante

2135 4652 2154 4661 =
2817 4643 2883 4682 21

1789 4703 2037 4763 essentia
2061 4715 2122 4762 et
2148 4716 2306 4762 actus
2329 4723 2464 4761 num
2486 4704 2748 4762 differant
2774 4641 2894 4782 {09

1788 4798 2033 4924 “⁸323
2057 4804 2367 4944 zm:
2392 4784 2578 4923 ,ἓξὲξ
2614 4803 2894 4944 ἒξὲαῗῗῖῖ

1869 4946 2077 5026 aliquid
2119 4947 2212 5016 sit,
2248 4962 2308 5006 et
2348 4947 2583 5025 pulchra
2616 4947 2890 5016 videatur,

1871 5040 1991 5086 tum
2019 5029 2272 5108 perfecta
2297 5028 2587 5107 quomodo
2615 5029 2713 5086 fiat
2774 5045 2892 5105 550

1789 5109 2034 5170 essentia
2061 5110 2240 5189 prima
2266 5129 2338 5168 an
2367 5108 2726 5188 passionibus
2756 5112 2893 5168 sub-

1862 5196 2018 5269 jecta
2771 5191 2892 5266 690

1787 5274 2037 5331 essentia
2063 5270 2300 5331 debilior
2542 5272 2662 5330 Fic.
2692 5291 2749 5351 p.
2773 5291 2892 5348 320

1789 5351 2034 5412 essentia
2061 5371 2189 5411 vera
2215 5352 2372 5432 quid,
2403 5366 2463 5411 et
2500 5353 2595 5412 ubi
2633 5352 2889 5418 fundata.

1870 5447 1994 5493 tum
2024 5439 2186 5512 cujus
2214 5453 2324 5510 ope
2351 5433 2494 5493 vivat
2771 5435 2890 5510 678

1790 5516 2036 5574 essentia
2061 5535 2163 5573 cur
2190 5514 2399 5573 tributa
2423 5516 2589 5574 rebus
2617 5516 2683 5575 F.
2703 5536 2759 5593 p.
2779 5534 2801 5573 1
2819 5533 2888 5591 17

1790 5595 2036 5654 essentia
2075 5596 2342 5674 quaelibet
2381 5598 2454 5655 ab
2491 5595 2656 5656 initio
2698 5596 2890 5654 multi-

1872 5676 2125 5735 tudinem
2169 5677 2435 5755 possidet,
2465 5693 2634 5755 atque
2676 5677 2891 5736 interea

3962 569 4086 635 427

3060 723 3270 805 aliquid
3301 746 3477 785 unum
3507 738 3590 785 est
3967 728 4083 803 758

2976 806 3221 865 essentia
3246 806 3433 866 divina
3461 827 3597 866 num
3626 820 3788 866 actus
3815 806 3891 866 sit
3965 827 4082 885 729

2975 886 3220 947 essentia
3246 888 3302 946 in
3334 890 3487 948 bono
3508 901 3597 947 est
3621 887 3910 948 inchoatio
3930 908 4080 966 quo-

3057 969 3186 1027 dam
3215 982 3483 1048 ortusque
3509 970 3696 1049 operis
3725 969 3859 1029 boni
3962 988 4030 1046 71
4048 988 4072 1028 1

2974 1050 3233 1109 essentiae
3256 1050 3557 1130 descriptio
3966 1071 3986 1110 1
4002 1066 4078 1129 79

2972 1131 3235 1190 essentiae
3258 1130 3453 1210 prim
3482 1131 3709 1211 propria
3734 1131 3885 1191 actio
3955 1147 4073 1208 347

2976 1213 3238 1271 essentiae
3265 1212 3459 1291 primoe
3485 1213 3624 1272 nihil
3644 1212 3929 1293 contingit
3958 1229 4072 1289 742

2973 1293 3235 1353 essentias
3252 1292 3442 1371 primoe
3458 1294 3793 1373 compositio
3805 1297 3870 1354 F.
3883 1315 3942 1374 p.
3957 1313 4031 1370 32
4047 1313 4070 1353 1

2974 1374 3231 1434 essentioe
3260 1373 3456 1452 primae
3480 1377 3625 1433 vires
3731 1375 3851 1434 Fic.
3880 1395 3937 1454 p.
3956 1393 4075 1451 320

2973 1455 3231 1516 essentiae
3264 1458 3459 1533 primoe
3483 1470 3642 1516 aetus
3663 1458 3724 1515 in
3752 1477 3814 1516 se
3841 1458 4076 1516 reflexus

3055 1536 3182 1615 quis
3207 1536 3430 1596 dicatur
3957 1538 4081 1612 614

2971 1617 3232 1677 0000111110
3258 1618 3541 1677 elementa
3965 1635 4077 1697 179

2971 1698 3229 1758 essentiae
3257 1701 3468 1776 quintas
3494 1699 3853 1779 indagatores
3875 1700 4079 1759 Aruol-

3052 1781 3157 1838 dus
3184 1795 3244 1838 et
3270 1780 3621 1839 Raimundus
3727 1780 3850 1841 Fic.
3880 1802 3934 1860 p.
3965 1782 4077 1858 176

2971 1862 3230 1920 essentiae
3260 1861 3316 1919 in
3344 1861 3486 1919 caelo
3513 1874 3627 1921 tres
3956 1865 4078 1939 498

2971 1942 3227 2002 essentiae
3256 1943 3527 2001 attributa
3726 1943 3846 2002 Fic.
3876 1964 3932 2022 p.
3958 1961 3991 2019 3
4008 1961 4077 2021 19

2972 2024 3229 2083 essentias
3258 2037 3444 2103 partes
3955 2025 4072 2103 695

2970 2105 3227 2165 essentiae
3268 2106 3700 2164 fundamentum
3744 2118 3805 2165 et
3844 2124 4074 2165 conser-

3054 2187 3202 2246 vatio
3724 2186 3839 2245 Fic.
3871 2206 3931 2265 p.
3956 2188 4074 2265 652

2972 2268 3232 2327 essentiae
3256 2287 3358 2327 cur
3384 2268 3442 2326 111
3470 2281 3662 2326 actum
3692 2268 3974 2346 prodeant

3731 2348 3846 2408 Fic.
3875 2369 3931 2427 p.
3966 2349 4078 2407 116

2975 2429 3233 2490 essentioe
3255 2428 3512 2489 definitio
3532 2448 3599 2488 ex
3619 2428 3822 2507 quibus
3849 2442 4078 2489 constet

3731 2512 3848 2571 Fic.
3877 2530 3934 2590 p.
3958 2530 4076 2588 319

2975 2591 3235 2652 essentia!
3292 2589 3736 2671 magnitudinem
3788 2611 3903 2650 non
3952 2611 4077 2651 esse

3056 2675 3436 2752 quantitatem
3961 2689 4073 2748 723

2974 2756 3231 2814 essentioe
3260 2753 3398 2812 nihil
3422 2753 3762 2813 contrarium
4004 2755 4080 2830 76

2975 2835 3236 2896 essentiae
3265 2836 3483 2894 bonum
3737 2834 3855 2894 Fic.
3882 2855 3939 2914 p.
3971 2836 4084 2894 116

2976 2916 3237 2977 essentiae
3262 2930 3325 2976 et
3347 2914 3495 2975 entis
3520 2914 3813 2975 distinctio
3968 2934 4082 2994 179

2976 2998 3235 3060 essentie
3253 3000 3406 3058 circa
3424 2995 3673 3056 animam
3696 3009 3948 3056 nostram
3968 3008 4083 3056 tres

2979 3161 3281 3221 essentiam
3337 3159 3580 3240 primam
3635 3161 3709 3219 ab
3757 3158 3881 3239 ipso
3928 3160 4082 3218 bono

3060 3244 3306 3323 pendere
3329 3240 3619 3321 quomodo
3962 3241 4082 3320 690

2978 3327 3282 3384 essentiam
3303 3326 3491 3382 minus
3507 3321 3805 3382 convenire
3820 3323 4080 3383 acciden-

3060 3405 3230 3475 1111110,
3260 3425 3429 3482 quam
3458 3403 3790 3462 substantiis
3960 3405 4078 3464 622

2977 3486 3304 3545 essentiales
3331 3486 3595 3553 rationes,
3618 3486 3991 3562 proprietates
4020 3496 4082 3545 et

3058 3581 3216 3627 actus
3243 3566 3395 3625 idem
3731 3565 3849 3624 Fic.
3880 3585 3936 3643 p.
3957 3584 4076 3641 320

2976 3646 3291 3706 essentialis
3353 3665 3619 3704 uumerus
3672 3645 3962 3723 quomodo
4015 3646 4075 3705 in

3056 3728 3264 3794 anima.
3313 3741 3375 3786 et
3422 3726 3712 3805 quomodo
3764 3726 3824 3784 in
3882 3739 4077 3786 mente

3053 3810 3240 3868 divina
3959 3808 4080 3867 686

2970 3889 3292 3950 0000000110
3325 3891 3431 3950 sub
3465 3908 3693 3949 sensum
3724 3909 3840 3947 non
3866 3890 4081 3948 cadunt

3735 3971 3852 4029 Fic.
3881 3992 3936 4049 p.
3960 3989 4077 4046 320

2972 4052 3348 4117 essentialitas
3374 4052 3514 4131 quid
3539 4051 3691 4131 apud
3716 4052 4023 4132 AEgyptios

3730 4133 3846 4192 Fic.
3879 4152 3933 4212 p.
3963 4152 4075 4211 272

2975 4217 3084 4275 Εο1
3112 4216 3360 4285 verbum,
3388 4236 3489 4275 cur
3517 4216 3590 4274 de
3619 4216 3747 4274 Deo
3776 4235 3892 4273 non
3935 4235 4078 4293 prae-

3057 4297 3273 4356 dicetur
3961 4314 4079 4372 729

2975 4382 3344 4453 excogitamus
3404 4377 3634 4436 verbum
3696 4397 3732 4436 a
3792 4376 4080 4436 Gnosticis

3056 4460 3363 4518 confictum
3963 4476 4079 4517 200

2974 4540 3260 4618 exemplar
3288 4541 3536 4598 universi
3562 4538 3849 4617 quomodo
3888 4539 4076 4619 gradi-

3056 4623 3161 4680 bus
3190 4621 3552 4680 distributum
3734 4620 3850 4679 Fic.
3882 4642 3937 4698 p.
3956 4621 4076 4694 448

2975 4705 3232 4762 extensio
3253 4722 3556 4781 corporum
3576 4699 3714 4779 quid
3743 4701 3858 4761 Fic.
3877 4723 3935 4781 p.
3956 4719 4030 4777 33
4048 4721 4069 4761 1

2974 4798 3229 4845 extrema
3250 4784 3470 4843 duobus
3491 4781 3693 4842 mediis
3712 4782 3969 4862 indigent
3995 4802 4067 4861 91

2973 4878 3224 4924 extrema
3265 4885 3399 4924 num
3442 4866 3663 4923 duobus
3704 4864 3902 4923 mediis
3928 4865 4074 4922 indi·

3050 4959 3226 5026 geant
3248 4946 3308 5005 in
3339 4944 3687 5004 naturalibus
3962 4963 4072 5003 100

2975 5188 3158 5248 Faber
3203 5187 3401 5247 mundi
3452 5207 3554 5248 cur
3600 5187 3875 5246 mundum
3931 5206 4073 5248 con·

3055 5269 3335 5338 struxerit,
3364 5267 3762 5328 Gnosticorum
3799 5287 3955 5327 error

3722 5348 3844 5408 Fic.
3874 5370 3931 5429 p.
3956 5368 4072 5428 352

2976 5431 3190 5490 Fabula
3216 5431 3288 5490 de
3329 5431 3536 5491 amoris
3572 5430 3941 5511 generatione
3978 5453 4074 5491 ex·

3054 5513 3292 5592 plicatur
3731 5511 3847 5570 Fic.
3876 5534 3931 5591 p.
3954 5515 4076 5590 546

2973 5595 3176 5654 fabuloe
3204 5593 3491 5672 quomodo
3516 5592 3865 5673 explicandae
3959 5613 4075 5671 299

2971 5677 3156 5736 facere
3181 5688 3241 5734 et
3267 5677 3385 5755 pati
3413 5674 3695 5735 motiones
3720 5693 3845 5735 esse
3957 5675 4076 5751 632
