5118 6613
1116 549 1201 614 42

1122 702 1425 790 Wagner.
1480 700 1562 766 ad
1611 699 1971 789 Alciphron.
2023 702 2164 767 III.
2204 722 2258 767 1.
2307 725 2371 790 p.
2402 722 2467 788 5.
2515 715 2580 767 et
2621 702 2798 768 Bois-

1118 804 1330 870 sonad.
1361 803 1444 869 ad
1474 802 1767 870 Philostr.
1803 803 2055 870 Heroic.
2088 827 2152 892 p.
2184 821 2334 891 547.
2368 828 2459 892 sq.

1201 930 1264 996 p.
1301 927 1442 987 101,
1475 927 1570 989 14.
1620 906 2510 997 ἀνίλλεται-ἆλλοτριουμένη]
2567 915 2612 948 “
2638 907 2794 974 Cod.

1118 1011 1299 1076 Voss.
1325 1023 1398 1075 ut
1425 1032 1621 1097 marg.
1642 1009 1770 1075 Ed.
1794 1008 1970 1096 [vid.
1992 1033 2157 1074 varr.
2177 1009 2378 1100 lectt.]
2411 1011 2557 1080 Qua
2583 1010 2649 1075 in
2677 1010 2798 1076 lec-

1117 1115 1285 1179 tione
1312 1136 1404 1192 ea,
1435 1135 1578 1200 quoe
1604 1111 1969 1200 praecedunt
1996 1112 2257 1177 verbum
2288 1115 2618 1193 ἀνίλλεται,
2651 1128 2798 1179 811111

1117 1216 1371 1305 quidem
1403 1214 1712 1281 Scholion.
1786 1216 1961 1281 Usus
1989 1230 2084 1281 est
2111 1214 2326 1280 eodem
2361 1214 2614 1306 [verbo]
2640 1219 2795 1282 Por-

1116 1318 1378 1408 phyrius
1416 1318 1481 1383 in
1509 1317 1633 1384 vit.
1666 1317 1900 1383 Plotini
1930 1342 1992 1404 p.
2030 1320 2172 1383 116.
2201 1318 2301 1384 ed.
2334 1319 2585 1385 Fabric.
2615 1331 2679 1384 et
2707 1319 2796 1384 vi-

1117 1421 1360 1488 dendus
1389 1419 1655 1486 Ruhnk.
1694 1420 1774 1486 ad
1809 1421 2124 1486 Timoeum
2167 1445 2229 1510 p.
2260 1424 2405 1509 35.”
2431 1424 2521 1488 D.
2548 1425 2796 1487 W.—et

1115 1525 1259 1591 Tib.
1306 1526 1551 1590 Hemst.
1595 1523 1746 1589 ibid.
1776 1547 1841 1613 p.
1877 1525 1983 1589 68.
2014 1547 2146 1612 sqq.
2192 1525 2467 1612 itemque
2497 1524 2792 1590 Valcken.

1115 1628 1198 1694 ad
1230 1628 1502 1694 Tbeocr.
1541 1626 1838 1692 Adoniaz.
1882 1651 1951 1715 p.
1986 1629 2129 1709 248.
2164 1650 2253 1715 sq.
2330 1628 2553 1694 Fluxit
2586 1642 2796 1693 autem

1115 1732 1403 1800 Scholion
1430 1755 1508 1796 ex
1537 1730 1754 1796 eodem
1783 1731 1978 1812 fonte,
1993 1730 2162 1796 unde
2189 1730 2413 1796 Suidas
2433 1746 2497 1796 et
2519 1733 2797 1796 Zonaras

1113 1837 1177 1901 in
1209 1837 1564 1900 ἀνίλλεσθαι
1589 1833 1955 1915 hauserunt,
1983 1857 2253 1922 quorum
2281 1833 2386 1898 ille
2423 1833 2614 1898 habet
2642 1834 2792 1898 ἀπα·

1115 1943 1297 2019 ξιοΰν,
1340 1937 1441 2002 bic
1484 1938 1780 2017 ἑπαξιοΰν.
1854 1936 2160 2025 Respexit
2189 1935 2476 2001 Plotinus
2515 1934 2794 2000 Platonis

1117 2044 1403 2130 Sympos.
1435 2063 1498 2127 p.
1533 2041 1677 2105 206.
1709 2040 1797 2104 D.
1826 2063 1888 2127 p.
1919 2059 2068 2126 435.
2101 2037 2329 2104 Bekk.:
2378 2040 2522 2104 ὅταν
2548 2040 2661 2119 μὲν
2691 2064 2791 2103 κα-

1111 2149 1200 2232 λῷ
1228 2143 1604 2227 προσπελόζη
1631 2142 1699 2207 τὸ
1732 2147 1925 2217 κυοῦν,
1956 2144 2136 2207 ἵλεῶν
2164 2167 2230 2207 τε
2267 2144 2536 2225 γίγνεται
2573 2142 2668 2205 καὶ
2697 2141 2791 2205 εὖ-

1114 2249 1514 2329 φραινόμενον
1544 2251 1831 2330 διαχεῖται
1860 2246 1955 2310 καὶ
1982 2247 2162 2311 τίκτει
2189 2271 2255 2310 τε
2287 2246 2381 2310 καὶ
2408 2248 2615 2329 γεννᾷ·
2648 2246 2793 2311 ὅταν

1112 2352 1177 2415 δὲ
1206 2352 1453 2436 αἰσχρῷ,
1486 2348 1832 2432 σκυθρωπὸν
1863 2349 1955 2413 καὶ
1998 2350 2370 2429 λυπούμενον
2405 2352 2792 2430 συσπειρᾶται

1113 2453 1207 2519 καὶ
1235 2452 1625 2535 ἀποτρέπεται
1655 2452 1748 2516 καὶ
1778 2454 2119 2517 ἀνείλλεται
2149 2453 2246 2517 καὶ
2273 2453 2343 2517 οὗ
2369 2455 2578 2535 γεννᾷ.
2649 2452 2794 2529 Quo

1108 2555 1172 2620 in
1219 2555 1356 2620 loco
1400 2555 1587 2619 etiam
1628 2554 2086 2620 firmamentum
2126 2555 2322 2619 inesse
2358 2553 2555 2618 videri
2599 2552 2795 2641 possit

1108 2658 1478 2745 conjecturae
1506 2658 1702 2740 χαίρει
1728 2679 1844 2743 pro
1872 2657 2057 2739 λέγει.
2120 2655 2555 2744 Olympiodor.
2584 2655 2651 2718 in
2678 2654 2796 2720 Al-

1107 2759 1231 2825 cib.
1260 2783 1323 2848 p.
1352 2761 1456 2840 48.
1490 2762 1549 2824 ol
1577 2759 1673 2823 ἐπὶ
1699 2764 1827 2826 ταῖς
1852 2760 2146 2841 τιμωρίαις
2175 2759 2574 2838 ἀνιλλόμενοι.

1192 2881 1401 2946 -15,
1434 2863 1706 2926 ἀνανεύει
1756 2859 1853 2924 ἀπ’
1901 2860 2108 2950 αὐτοῦ]
2153 2860 2251 2927 Cf.
2300 2860 2581 2947 Hesych.
2621 2861 2676 2924 I.
2723 2882 2785 2947 p.

1114 2983 1271 3052 132:
1320 2965 1591 3029 ἀνανεύει
1636 2963 1705 3027 οὗ
1750 2965 2084 3028 συντίθεται
2121 2965 2267 3045 πρός
2306 2989 2383 3027 τι.
2430 2962 2570 3027 Vid.
2603 2962 2787 3027 eund.

1105 3066 1171 3132 in
1203 3069 1483 3132 ἀναδῦναι
1509 3088 1571 3154 p.
1602 3084 1749 3151 320.
1779 3064 1927 3154 ibiq.
1958 3064 2244 3154 interprr.
2292 3068 2413 3132 Est
2443 3065 2636 3152 igitur
2665 3065 2725 3129 11.
2744 3064 2785 3129 l.

1107 3171 1330 3259 Negat
1369 3171 1609 3249 anima,
1637 3168 1760 3233 sibi
1786 3169 2122 3257 quidquam
2151 3191 2466 3234 commune
2493 3190 2624 3233 esse
2649 3190 2789 3233 cum

1108 3274 1307 3362 turpi.
1365 3271 1476 3338 Ad
1506 3270 1869 3337 sententiam
1898 3271 1978 3336 cf.
2012 3270 2292 3337 Platonis
2316 3270 2536 3360 Lysid.
2559 3294 2620 3360 p.
2644 3273 2785 3338 216.

1110 3379 1189 3443 C.
1264 3375 1507 3442 Mureti
1534 3377 1717 3440 Varr.
1750 3375 1957 3441 Lectt.
1991 3376 2110 3440 IV.
2141 3395 2202 3456 4.
2262 3376 2514 3440 Barnes.
2543 3374 2625 3440 ad
2653 3376 2788 3440 Eu-

1106 3481 1227 3570 rip.
1253 3479 1477 3545 Bacch.
1501 3480 1644 3565 879.
1672 3479 1818 3564 899.
1866 3476 2158 3543 Valcken.
2190 3477 2271 3542 ad
2302 3477 2607 3542 Phoeniss.
2636 3477 2784 3542 821.

1106 3608 1244 3672 sqq.
1322 3581 1587 3648 Luciani
1634 3580 1987 3647 Charidem.
2033 3582 2169 3646 IX.
2214 3605 2276 3669 p.
2310 3598 2454 3667 291.
2519 3580 2661 3668 Bip.
2705 3580 2783 3645 cf.

1106 3708 1254 3775 293.
1299 3688 1429 3752 Dio
1457 3686 1773 3775 Chrysost.
1810 3686 2096 3750 XXIX.
2128 3707 2189 3772 p.
2219 3698 2371 3770 539.
2436 3682 2657 3748 Reisk.
2685 3683 2787 3747 cui

1104 3813 1183 3855 ex
1218 3789 1447 3856 Stobaei
1481 3791 1675 3854 Serm.
1708 3791 1809 3875 63.
1840 3787 2229 3853 reddendum
2273 3801 2406 3851 erat
2433 3792 2644 3852 λαθεῖν
2671 3809 2787 3873 pro

1107 3892 1431 3957 λανθάνειν
1458 3909 1521 3956 81
1552 3893 1639 3956 ἔτι
1667 3893 1732 3954 δὲ
1772 3912 1890 3978 pro
1919 3893 1973 3954 εἷ
2001 3891 2086 3955 δέ.
2161 3889 2349 3955 Basil.
2386 3891 2607 3978 Magn.
2641 3890 2785 3954 Ho-

1104 3992 1235 4058 mil.
1263 3994 1327 4057 in
1361 3992 1539 4057 Iesai.
1568 4010 1632 4078 5.
1663 4014 1724 4079 p.
1754 4008 1899 4077 505.
1934 3992 2010 4055 Β.
2042 4007 2105 4057 81
2133 3992 2479 4080 Augustin.
2518 3992 2599 4057 de
2629 3994 2785 4057 Mu-

1107 4096 1231 4161 sica
1258 4096 1375 4159 VI.
1406 4095 1514 4181 38.
1542 4118 1604 4182 p.
1635 4110 1781 4180 513.
1816 4095 1896 4159 B.
1916 4095 1988 4159 C.

1192 4222 1260 4288 p.
1286 4216 1426 4273 101,
1454 4217 1510 4262 1.
1542 4198 1740 4280 φαμὲν
1763 4197 2012 4261 ὃέ-καὶ
2037 4196 2182 4279 πρὸς
2208 4201 2308 4279 τῆς
2338 4201 2664 4281 κρείττονος
2691 4198 2787 4264 οὐ-

1964 574 1973 585 ·
2081 528 2902 595 ANNOTATIONES
2966 528 3078 594 IN
3141 527 3588 595 PLOTINI

2885 703 2973 789 (ὅ,
3002 704 3081 787 τι)
3113 715 3449 791 cognatum
3478 701 3594 768 sibi
3623 715 3735 768 aut
3761 701 4090 790 vestigium
4124 700 4373 790 cognati
4414 723 4562 767 con-

2882 805 3173 894 spexerit,
3200 804 3438 893 gaudet
3462 820 3582 871 etc.
3670 804 3809 870 Nisi
3851 804 4028 871 malis
4063 807 4208 871 ὅταν
4248 808 4361 886 ἴδῃ,
4391 804 4566 893 quod

2883 908 3141 975 Ficinus
3180 907 3430 974 videtur
3470 907 3836 997 expressisse
3875 922 4124 974 vertens
4164 909 4563 997 quandocum-

2943 1132 3095 1181 -2.
3113 1113 3152 1195 ἢ
3167 1115 3363 1203 ἴχνος]
3377 1114 3679 1179 Formula
3692 1113 3934 1179 Platoni
3952 1111 4412 1200 Platonicisque
4427 1112 4565 1202 phi-

2878 1216 3149 1305 losophis
3174 1217 3583 1304 frequentata.
3672 1216 3814 1281 Vid.
3847 1215 4118 1281 Heusdii
4145 1215 4266 1280 mei
4300 1216 4561 1304 Specim.

2879 1321 3037 1387 Crit.
3084 1320 3148 1384 in
3194 1319 3443 1385 Platon.
3483 1343 3548 1408 p.
3579 1335 3715 1406 137.
3762 1319 4123 1384 Hemsterb.
4172 1317 4255 1383 ad
4302 1317 4558 1383 Lucian.

2880 1423 3071 1490 Diall.
3100 1425 3323 1489 Deorr.
3348 1446 3414 1511 p.
3441 1442 3590 1508 331.
3638 1424 3947 1487 Wetsten.
3974 1421 4057 1487 ad
4087 1440 4126 1489 2
4154 1421 4327 1486 Petri
4350 1419 4560 1509 Epist.

2883 1529 2981 1593 11.
3017 1545 3118 1592 21.
3151 1540 3214 1592 et
3239 1525 3323 1591 cf.
3355 1524 3584 1590 Plotin.
3619 1548 3681 1613 p.
3712 1545 3861 1611 393.
3903 1548 3967 1613 p.
4000 1544 4148 1611 439.
4182 1526 4270 1588 A.
4316 1545 4379 1610 p.
4412 1539 4561 1607 710.

2880 1632 2958 1696 C.
2991 1653 3057 1718 p.
3088 1649 3234 1715 713.
3269 1629 3346 1693 B.
3382 1645 3531 1712 711.
3554 1630 3646 1693 A.
3681 1645 3824 1714 725.
3849 1629 3937 1692 A.
3964 1649 4137 1714 supr.

2962 1770 3048 1783 —
3068 1758 3130 1814 4.
3167 1733 3263 1796 καὶ
3290 1730 3789 1811 ἀναμιμνήσκεται
3820 1734 4025 1810 ἑαυτῆς
4055 1730 4148 1794 καὶ
4177 1735 4295 1794 τῶν
4324 1728 4554 1813 ἑαυτῆς]

2881 1835 3205 1901 Pertinent
3231 1833 3366 1900 baec
3395 1832 3475 1898 ad
3506 1832 3802 1921 placitum
3843 1832 4228 1913 ἀναμνήσεως
4252 1831 4381 1897 vid.
4415 1832 4559 1896 Me-

2878 1961 3025 2004 non.
3069 1961 3137 2026 p.
3187 1938 3287 2002 81.
3337 1960 3474 2024 sqq.
3512 1937 3608 2023 [p.
3652 1936 3757 2020 58.
3809 1958 3945 2024 sqq.
3998 1933 4364 2000 Stallbaum.
4402 1957 4466 2022 q.
4496 1957 4555 1998 v.

2877 2041 3036 2129 inpr.
3060 2064 3125 2129 p.
3145 2040 3451 2130 60-62.]
3473 2038 3776 2104 Phaedon.
3801 2062 3865 2127 p.
3892 2055 3994 2122 72.
4024 2040 4105 2103 Ε.
4129 2061 4192 2126 p.
4216 2056 4318 2123 27.
4347 2039 4557 2124 wytt.

2881 2144 3133 2210 Phaedr.
3167 2166 3231 2230 p.
3269 2162 3411 2227 249.
3447 2143 3522 2207 C.
3556 2155 3618 2206 et
3645 2165 3790 2229 quae
3823 2140 4008 2228 plura
4049 2139 4326 2228 congessi
4363 2139 4428 2205 in
4454 2162 4564 2227 pe-

2876 2246 3090 2314 culiari
3133 2245 3324 2333 hujus
3373 2244 3516 2310 libri
3562 2244 3709 2309 edit.
3759 2268 3823 2332 p.
3866 2245 4219 2309 166-168,
4275 2242 4562 2309 Plotinus

2876 2351 3019 2415 adv.
3055 2348 3408 2430 Gnosticos,
3435 2371 3500 2437 p.
3538 2367 3684 2433 215.
3720 2349 3837 2413 E.:
3870 2346 3981 2435 qui
4016 2369 4372 2434 corpoream
4411 2344 4558 2435 pul-

2876 2452 3245 2519 critudinem
3291 2451 3354 2516 in
3402 2450 3663 2540 picturis
3704 2449 4114 2538 conspiciunt,
4144 2449 4189 2513 ii
4228 2451 4357 2514 οἷον
4384 2454 4552 2533 θορυ·

2877 2561 3126 2638 βοῧνται
3184 2556 3278 2620 καὶ
3324 2557 3406 2622 εἷς
3452 2553 3782 2635 ἀνάμνησιν
3834 2553 4111 2636 ἔρχονται
4156 2557 4261 2617 τοῦ
4308 2554 4560 2633 ἀληθοῦς

2883 2658 3221 2744 (κάλλους).
3272 2657 3454 2723 Idem
3483 2680 3547 2744 p.
3584 2671 3729 2739 714.
3769 2658 3844 2723 C.
3878 2654 4085 2719 anima
4125 2653 4416 2720 calefacta
4455 2676 4558 2720 ca-

2874 2766 3002 2830 lore
3028 2760 3242 2825 divino
3270 2761 3399 2824 οἶον
3429 2757 3755 2840 ἐπτοημένη
3784 2761 3853 2839 τῇ
3881 2758 4075 2839 μνήμῃ
4100 2763 4337 2839 μᾶλλον
4361 2759 4561 2840 κουφί-

2875 2873 3053 2941 ζεται.

2959 2965 3045 3031 ib.
3077 2967 3164 3032 τίς
3185 2965 3291 3029 οὖν
3313 2966 3581 3044 ὁμοιότης
3600 2969 3721 3031 τοῖς
3741 2964 3911 3052 τῇδε]
3941 2967 4171 3044 “τῆσδε
4193 2962 4351 3028 Cod.
4378 2964 4552 3028 Voss.

2874 3069 3079 3133 minus
3107 3066 3322 3132 bene.”
3352 3068 3443 3131 D.
3473 3068 3562 3129 W.
3609 3066 3719 3131 Ad
3759 3082 4200 3154 argumentum
4237 3064 4354 3130 loci
4386 3087 4555 3131 oom-

2873 3170 3135 3261 parandi
3180 3183 3322 3234 sunt
3357 3169 3643 3235 Clemens
3673 3168 3860 3234 Alex.
3898 3171 4124 3235 Strom.
4161 3170 4276 3234 IV.
4307 3190 4371 3255 p.
4405 3168 4553 3232 616.

2874 3291 2938 3341 et
2965 3273 3369 3363 Augustinus
3394 3272 3458 3338 in
3491 3272 3775 3338 ConfesS.
3811 3272 3904 3337 X.
3935 3292 4041 3359 53.
4073 3295 4137 3360 p.
4171 3271 4312 3337 188.

2955 3415 3044 3428 —
3066 3380 3125 3443 6.
3157 3381 3379 3461 μετοχῇ
3403 3377 3617 3465 εἴδους]
3648 3377 3971 3440 Teneatur
3998 3375 4062 3440 h.
4094 3375 4135 3440 l.
4170 3374 4263 3440 vis
4290 3374 4557 3440 vocabu-

2871 3480 3074 3547 lorum
3105 3481 3257 3549 εἶδος
3283 3494 3346 3544 81
3371 3479 3569 3563 μορφή
3597 3502 3714 3567 pro
3733 3479 3897 3558 idea,
3922 3478 4034 3565 qui
4058 3500 4208 3543 usus
4230 3477 4554 3544 Platonem

2872 3597 3185 3649 auctorem
3216 3581 3426 3661 habet,
3446 3581 3591 3647 licet
3610 3581 3676 3646 in
3705 3580 3922 3646 eodem
3952 3604 4075 3645 non
4107 3603 4555 3669 usquequaque

2869 3700 3274 3764 constantem,
3306 3684 3565 3750 docente
3595 3683 4089 3773 wyttenbachio
4129 3682 4210 3748 ad
4255 3682 4550 3749 Phaedon.

2870 3812 2934 3877 p.
2959 3804 3102 3873 274.
3125 3812 3216 3876 sq.
3243 3810 3356 3852 nec
3376 3787 3709 3853 Plotiniani
3731 3788 3924 3875 hujus
3951 3785 4072 3852 loci
4099 3786 4312 3851 oblito.
4361 3787 4557 3851 Plura

2871 3890 3084 3957 addidi
3112 3890 3176 3955 in
3205 3889 3502 3980 peculiari
3531 3890 3657 3956 Ed.
3692 3913 3756 3978 p.
3793 3891 3934 3976 169.
3967 3912 4059 3976 sq.

2954 4032 3043 4045 —
3064 3995 3124 4059 8.
3161 3995 3256 4059 καὶ
3283 3994 3352 4059 τὸ
3383 3994 3572 4074 πάντη
3604 3993 4170 4077 αἰσχρὸν-μορφῆς
4209 3991 4304 4056 καὶ
4328 3992 4545 4077 λόγου]

2869 4097 2910 4162 i.
2944 4120 2997 4162 e.
3035 4108 3075 4132 “
3094 4107 3153 4163 et
3178 4098 3288 4161 hoc
3313 4107 3405 4162 est
3431 4097 3503 4160 id
3526 4097 3690 4183 quod
3714 4097 3967 4160 omnino
3992 4104 4175 4182 turpe
4201 4104 4334 4167 est,-
4366 4092 4553 4182 turpe

2869 4221 3018 4265 vero
3054 4203 3241 4265 etiam
3292 4209 3404 4278 est,
3450 4199 3615 4287 quod
3659 4221 3785 4264 non
3816 4199 4080 4286 penitus
4121 4199 4473 4262 continetur
4509 4218 4553 4261 α

1107 4303 1270 4391 σίας]
1303 4303 1408 4366 Ita
1432 4299 1585 4389 legit
1611 4299 1796 4365 etiam
1826 4298 2080 4364 Ficinus
2108 4313 2172 4363 et
2199 4298 2283 4364 sic
2321 4299 2656 4388 legendum
2685 4301 2785 4364 vi·
2842 4303 3080 4389 forma
3124 4311 3183 4367 et
3217 4303 3518 4367 ratione.”
3547 4303 3640 4366 D.
3662 4303 3756 4365 W.
3803 4300 3978 4366 Guil.
4012 4313 4217 4366 tamen
4246 4298 4553 4365 Rinckius

1105 4403 1201 4469 dit
1229 4402 1529 4469 Rinckius
1556 4425 1751 4467 meus.
1834 4401 2131 4467 Bifariam
2161 4402 2324 4466 enim
2353 4403 2417 4469 h.
2445 4402 2485 4467 l.
2517 4404 2785 4468 animam

1106 4505 1558 4595 contemplatur
1582 4504 1897 4570 Plotinus:
1930 4504 2205 4594 primum
2225 4528 2339 4593 per
2368 4529 2454 4584 se,
2475 4519 2786 4593 quatenus

1107 4611 1313 4677 anima
1357 4623 1449 4674 est
1490 4621 1553 4673 et
1587 4607 1788 4695 qualis
1831 4623 1924 4673 est
1963 4622 2187 4673 natura
2230 4608 2367 4692 (τὴν
2410 4612 2597 4691 φύσιν
2634 4611 2787 4674 οὖσα

1107 4716 1251 4796 ὅπερ
1297 4712 1486 4798 ἐστὶ);
1533 4710 1758 4775 deinde
1795 4727 2103 4799 quatenus
2141 4734 2215 4776 ea
2255 4725 2378 4776 stat
2404 4711 2485 4776 ab
2526 4711 2789 4776 essentia

1104 4816 1376 4893 meliore,
1398 4837 1541 4902 quae
1567 4814 1729 4878 inter
1751 4814 1916 4879 entia
1937 4814 2244 4903 reperitur
2268 4813 2442 4897 (πρὸς
2468 4818 2570 4893 τῆς
2597 4816 2781 4896 κρείτ-

1103 4945 1273 4986 τονος
1302 4920 1369 4982 ἐν
1394 4923 1515 4985 τοῖς
1543 4918 1713 4981 οὖσιν
1742 4916 1964 4985 οὐσίας.
2039 4918 2143 4981 De
2169 4940 2299 5004 qua
2325 4914 2781 4981 constructione

1100 5019 1551 5112 praepositionis
1577 5020 1722 5102 πρὸς
1749 5018 1874 5084 vid.
1905 5018 2199 5085 Mattbiae
2229 5020 2344 5084 Gr.
2368 5020 2488 5083 Gr.
2514 5019 2576 5102 ξ.
2598 5020 2778 5104 590.)

1104 5125 1227 5192 Illa
1253 5122 1468 5188 melior
1496 5134 1704 5188 autem
1734 5122 1995 5188 essentia
2032 5137 2125 5187 est
2156 5144 2329 5186 mens
2361 5123 2425 5204 (ὁ
2454 5125 2650 5205 νοῦς);
2696 5121 2779 5185 cf.

1099 5228 1241 5294 infr.
1270 5243 1311 5315 5
1313 5246 1378 5313 5.
1410 5227 1489 5291 C.
1517 5225 1688 5309 ψυχὴ
1731 5228 2063 5308 ἀναχθεῖσα
2098 5224 2245 5307 πρὸς
2284 5229 2442 5298 νοῦν,
2475 5246 2537 5310 Ρ.
2570 5243 2668 5308 15.
2702 5225 2777 5289 C.

1101 5336 1182 5420 νῷ
1212 5332 1568 5417 συνῳκίσθη.
1613 5326 1806 5392 Adde
1833 5350 1899 5415 p.
1920 5347 1983 5412 5.
2002 5333 2092 5391 A.
2122 5342 2186 5392 et
2206 5350 2274 5415 p.
2300 5342 2403 5412 73.
2427 5328 2512 5390 Α.
2559 5329 2780 5413 Atque

1098 5450 1164 5500 et
1209 5433 1314 5498 illa
1363 5433 1588 5513 anima,
1633 5429 1835 5520 qualis
1882 5443 2107 5495 natura
2143 5445 2258 5511 est,
2299 5444 2363 5494 et
2400 5428 2654 5517 quando
2695 5428 2778 5494 ad

1095 5537 1583 5626 praestantiorem
1629 5550 1893 5602 mentem
1939 5533 2319 5600 convertitur
2354 5532 2777 5622 quodcunque

2870 4403 3144 4470 deletum
3171 4405 3311 4470 vult
3340 4405 3434 4469 καὶ
3478 4418 3619 4491 post
3649 4403 3902 4487 αἰσχρὸν
3931 4406 3996 4469 δὲ
4034 4403 4206 4492 quod
4250 4403 4317 4468 τὸ
4361 4402 4550 4481 πάντη

2869 4507 3123 4593 αἰσχρὸν
3166 4507 3294 4572 sive
3334 4508 3606 4572 absolute
3651 4515 3834 4594 turpe
3876 4521 3940 4570 et
3972 4508 4339 4594 simpliciter
4367 4516 4548 4592 turpe

2870 4610 2933 4676 h.
2966 4612 3008 4676 l.
3043 4610 3201 4675 inter
3229 4634 3294 4675 se
3329 4610 3637 4675 contraria
3673 4608 3796 4674 sint
3822 4632 3894 4673 ac
3938 4608 4216 4674 similiter
4251 4606 4546 4695 distingui

2868 4734 2931 4799 p.
2969 4714 3070 4797 76.
3110 4715 3185 4779 C.
3218 4712 3286 4775 τὸ
3325 4712 3553 4795 ἀγαθὸν
3580 4725 3644 4775 et
3673 4712 3922 4795 ἀγαθὸν,
3952 4710 4226 4799 itemque
4268 4711 4443 4775 οὐσία
4484 4725 4548 4773 81

2868 4819 2906 4898 ἦ
2947 4817 3144 4895 οὐσία,
3177 4838 3445 4905 quorum
3490 4814 3594 4880 illa
3637 4838 3780 4880 cum
3822 4815 4084 4881 articulo
4123 4814 4402 4880 absolute
4444 4836 4546 4878 su—

2864 4933 3149 4984 mantur:
3197 4918 3330 4983 haec
3374 4918 3502 4982 sine
3544 4917 3828 4997 articulo,
3873 4917 4143 4995 relative,
4175 4916 4333 4981 sicut
4360 4914 4545 4980 hodie

2864 5021 3228 5109 loquuntur.
3320 5020 3404 5085 Ei
3443 5020 3664 5086 rationi
3697 5021 3911 5086 favent
3937 5019 4085 5086 boni
4127 5017 4269 5084 libri
4310 5017 4543 5106 plureS,

2863 5124 2974 5212 qui
3004 5148 3128 5190 non
3158 5138 3501 5212 agnoscunt
3531 5125 3625 5188 καὶ
3647 5123 3709 5189 h.
3739 5123 3779 5188 l.
3831 5121 4278 5210 wyttenbach.
4304 5121 4387 5187 ad
4410 5123 4546 5187 Eu-

2864 5249 3007 5316 nap.
3041 5251 3105 5315 p.
3138 5247 3278 5313 103.
3315 5241 3631 5316 comparat
3656 5225 3988 5291 formulam
4020 5226 4130 5304 ἔξω
4169 5227 4331 5290 θείου
4358 5227 4545 5307 λόγου

2864 5352 3008 5394 811111
3038 5330 3231 5396 altera
3259 5331 3368 5410 ἔξω
3399 5335 3453 5395 θ.
3487 5334 3690 5414 χοροῦ,
3721 5330 3801 5395 cf.
3836 5328 3979 5393 infr.
4013 5328 4091 5393 ad
4123 5351 4188 5415 p.
4220 5328 4368 5415 316.
4402 5329 4479 5391 B.

2947 5469 3035 5481 —
3053 5453 3113 5517 9.
3140 5434 3244 5497 οὐκ
3273 5432 3684 5516 ἀνασχομένης
3703 5436 3803 5511 τῆς
3822 5433 3966 5512 ὕλης
3985 5430 4535 5514 τὸ-μορφοΰσθαι]

2864 5534 3171 5600 Herodot.
3196 5536 3352 5600 VII.
3372 5555 3511 5620 139.
3536 5534 3646 5598 ubi
3666 5532 3937 5599 historiae
3957 5550 4136 5622 pater
4156 5555 4336 5620 aeque
4354 5546 4543 5619 atque
