5118 6613
1060 548 1177 611 160

1048 723 1231 783 καλοῦ
1281 718 1377 782 καὶ
1431 720 1691 798 πονηροῦ
1738 716 1905 783 εὐθὺς
1957 715 2289 799 ἡσύχασεν,
2336 716 2407 780 οὗ
2462 719 2573 794 δηλ
2587 715 2752 781 ὦσας

1057 825 1207 887 ὅπου
1247 823 1565 904 τετύχηκεν
1595 819 1667 884 ὃν
1705 822 1805 883 ἴνα
1851 819 1931 899 μὴ
1977 820 2011 882 ὁ
2050 820 2451 901 φυσιολογίας
2496 819 2752 897 ἀμύητος

1060 926 1167 989 τὸν
1196 928 1344 988 ὄντα
1387 928 1487 1003 τῆς
1530 923 1851 1004 ἐπιστήμης
1893 922 2152 1002 θαυμάζῃ
2204 920 2570 1009 (Mangeius
2613 917 2752 984 vult

1058 1031 1165 1094 τὸν
1222 1030 1467 1112 γνόντα.
1558 1027 1734 1114 Lege
1790 1026 1896 1091 τὸν
1941 1025 2289 1109 μετέχοντα.
2382 1024 2754 1089 Lacunosus

1059 1130 1221 1197 enim
1264 1129 1437 1194 locus
1478 1144 1592 1207 est,
1624 1146 1697 1194 ut
1734 1128 1914 1194 multi
1957 1126 2366 1209 Philoniani).
2458 1127 2750 1192 Clemens

1060 1235 1252 1299 Alex.
1299 1234 1592 1297 Stromm.
1644 1234 1719 1297 V.
1770 1257 1831 1319 p.
1882 1233 2032 1317 689.
2072 1254 2164 1318 sq.
2219 1232 2494 1295 Potteri:
2544 1230 2752 1294 αὐτίκα

1060 1340 1175 1418 σὴν
1218 1340 1513 1421 φρόνησιν
1560 1338 1729 1401 θείαν
1772 1337 2127 1419 ἀλληγορῶν
2170 1336 2204 1398 ὁ
2250 1337 2510 1413 Move-1⁶15
2568 1334 2750 1412 ξύλον

1057 1446 1200 1522 ζωῆς
1228 1442 1561 1521 ὠνόμασεν,
1592 1442 1659 1504 ἐν
1688 1442 1767 1526 τῷ
1797 1440 2138 1524 παραδείσῳ
2168 1435 2637 1519 πεφυτευμένον.
2686 1434 2752 1501 δς

1059 1547 1129 1625 δὴ
1156 1545 1513 1627 παράδεισος
1541 1544 1636 1607 καὶ
1667 1544 1884 1622 κόσμος
1914 1540 2066 1605 εἶναι
2087 1542 2348 1614 δύναται,
2382 1541 2449 1603 έν
2478 1536 2523 1625 ᾧ
2552 1536 2749 1620 πέφυ-

1061 1675 1162 1714 κεν
1190 1652 1265 1713 τὰ
1296 1650 1362 1712 ἑκ
1389 1647 1764 1728 δημιουργίας
1791 1642 2027 1708 ἅπαντα
2056 1671 2107 1708 κ.
2126 1667 2182 1708 τ.
2199 1650 2261 1706 λ.
2356 1641 2554 1705 Mitto
2576 1639 2746 1705 simi·

1058 1752 1161 1831 lia,
1180 1775 1325 1838 quae
1354 1750 1417 1814 in
1447 1749 1617 1813 hunc
1648 1746 1913 1812 Genesis
1943 1745 2147 1810 locum
2177 1743 2578 1810 commentati
2601 1757 2750 1808 sunt

1058 1854 1363 1943 Origenes
1410 1852 1549 1917 Vol.
1615 1852 1711 1915 II.
1759 1872 1825 1937 p.
1871 1871 1978 1937 34.
2028 1848 2257 1926 Ruaei3
2306 1847 2749 1912 Theodoretus

1058 1959 1198 2024 Vol.
1235 1959 1333 2023 II.
1372 1959 1470 2021 26.
1503 1978 1568 2044 p.
1597 1974 1703 2036 40.
1738 1977 1873 2041 sqq.
1923 1952 2174 2017 Schulz.
2216 1951 2485 2016 Basilius
2515 1953 2745 2037 Magn.

1058 2061 1296 2126 Homil.
1356 2060 1605 2124 XXX.
1656 2058 1765 2121 Jo.
1813 2057 2238 2120 Damascenus
2288 2053 2368 2119 de
2410 2052 2745 2118 orthodox.

1053 2165 1163 2230 fid.
1198 2164 1302 2229 lib.
1340 2164 1438 2229 II.
1464 2187 1517 2228 c.
1559 2182 1654 2226 11.
1687 2161 1870 2247 cujus
1900 2160 2087 2224 verba
2130 2172 2574 2247 excerpserunt
2606 2156 2746 2220 Sui-

1054 2271 1167 2337 das
1195 2285 1257 2334 et
1290 2270 1568 2332 Zonaras
1596 2265 1659 2329 in
1691 2288 1824 2328 voc.
1856 2262 2230 2345 παράδεισος.
2326 2261 2542 2325 Unum
2588 2259 2745 2346 adji-

1052 2375 1209 2440 ciam
1255 2369 1653 2436 Gennadium
1691 2367 1771 2433 de
1817 2364 2243 2444 Providentia,
2275 2388 2465 2453 quem
2509 2361 2743 2428 Plotini

1053 2479 1187 2544 haec
1216 2477 1363 2542 bina
1388 2474 1591 2562 capita
1613 2486 1889 2537 extrema
1920 2484 2065 2534 ante
2092 2467 2305 2534 oculos
2332 2466 2625 2534 habuisse
2652 2463 2745 2528 di-

1051 2606 1175 2659 cae„
1206 2604 1269 2669 p.
1312 2601 1337 2644 1
1360 2600 1382 2642 1
1416 2579 1618 2643 ε-καὶ
1640 2577 1841 2658 ὥσπερ
1872 2577 2160 2639 ἀδύνατον
2188 2572 2295 2637 τὸν
2324 2578 2495 2636 σῖτον
2521 2570 2602 2650 μὴ
2629 2571 2744 2655 ὁδῷ

1051 2713 1166 2751 τινι
1197 2683 1478 2767 γενέσθαι
1512 2680 1626 2745 ὑπὸ
1666 2682 1766 2759 τῆς
1807 2681 2064 2761 φύσεως,
2109 2676 2203 2740 καὶ
2247 2675 2490 2758 δένδρου
2532 2676 2746 2738 τούτου

1056 2787 1278 2870 καρπὸν
1324 2783 1361 2864 ἦ
1404 2782 1643 2848 πάντων
1680 2786 1797 2845 τῶν
1833 2781 1978 2862 πρὸς
2017 2783 2201 2843 ταῦτα
2237 2776 2606 2859 ζητουμένων
2636 2777 2741 2860 (Ρ)

1052 2891 1165 2954 σὺν
1195 2887 1356 2965 τάξει
1387 2885 1844 2963 ἆπαβαινόντων
1871 2882 1950 2962 μὴ
1982 2881 2076 2945 καὶ
2110 2885 2295 2945 ταῦτα
2329 2879 2499 2963 (fort.
2529 2879 2738 2959 ταύτὰ)

1053 2992 1221 3057 εὐθὺς
1252 2992 1691 3059 έποκολουθεῖν,
1726 2989 1820 3049 διὰ
1850 2985 1917 3048 τὸ
1947 2987 2022 3048 τᾶ
2053 2982 2302 3064 ἑκάτερα
2321 2982 2466 3065 πρὸς
2496 2980 2745 3062 ἑκάτερα

1053 3096 1321 3176 ὡρίσθαι,
1354 3089 1423 3154 δι’
1466 3089 1501 3153 δ
1545 3097 1696 3171 φησι
1727 3087 1820 3151 καὶ
1867 3089 1932 3151 ἐκ
1972 3092 2090 3151 τῶν
2130 3091 2365 3168 καρπῶν
2400 3086 2593 3149 αὐτῶν
2623 3085 2746 3148 ἔπι-

1051 3199 1364 3279 γνῶσεσθε
1391 3193 1618 3261 αὐτούς·
1668 3193 1850 3258 οὕτως
1887 3190 2114 3273 ἀνάγκη
2146 3191 2256 3253 κᾶν
2284 3192 2363 3276 τῷ
2394 3188 2741 3272 ἀνθρωπίνῳ

1052 3302 1199 3365 κατὰ
1254 3298 1600 3381 προαίρεσιν
1648 3297 1765 3383 βίῳ
1811 3293 2025 3377 ἀρετὴν
2069 3294 2245 3376 ἅρετῇ
2294 3293 2740 3365 ἐπακολουθεῖν,

1053 3405 1149 3468 καὶ
1182 3404 1350 3488 κακίᾳ
1369 3402 1533 3467 αὖθις
1555 3400 1762 3464 κακίαν
1792 3399 1900 3465 ἕως
1922 3397 1998 3463 ἂν
2015 3400 2113 3463 διὸ.
2134 3397 2403 3476 τοιαύτης
2424 3396 2744 3473 ἐπιπλοκῆς

1050 3508 1297 3573 ἕκαστος
1323 3503 1637 3589 προσήκων
1665 3501 1909 3585 γένηται
1935 3498 1972 3581 ἢ
2000 3505 2081 3587 τῷ
2111 3504 2440 3583 μετασχεῖν
2470 3501 2578 3562 τοῦ
2605 3501 2744 3561 θεοῦ

1046 3608 1083 3690 ἢ
1114 3615 1220 3675 τοῦ
1247 3608 1394 3696 (leg.
1417 3610 1528 3695 τῷ)
1554 3609 1944 3690 ἀποχωρῆσαι
1973 3605 2153 3669 αὐτοῦ
2181 3607 2498 3686 δυστυχῶς,
2531 3601 2741 3664 ὁπότε-

1046 3740 1154 3796 ρον
1184 3714 1259 3778 ἃν
1290 3712 1696 3793 ἐπιμεληθείη.

1693 3892 1753 3957 L
1772 3893 1900 3957 IB.
1967 3890 2081 3955 1v.

1133 4040 1199 4104 p.
1229 4034 1378 4101 512,
1412 4032 1470 4097 7.
1517 4019 1712 4078 ΠΕΡΙ
1751 4016 1919 4078 ΤΟΎ
1948 4014 2434 4075 ΕῙΛΗΧΟΤΟΣ
2474 4007 2738 4073 ἯΜΑΣ

1050 4117 1547 4202 ΔΑΙΜΟΝΟΣ,]
1601 4117 1724 4180 Est
1752 4113 1854 4177 hic
1884 4113 2040 4177 liber
2080 4112 2360 4177 decimus
2388 4127 2450 4176 et
2480 4111 2742 4197 quintus

1051 4221 1285 4287 Plotini
1340 4217 1688 4306 (Porphyr.
1735 4214 1816 4280 de
1859 4214 2005 4279 Vita
2051 4213 2216 4279 Plot.
2263 4238 2316 4279 c.
2365 4214 2621 4279 XXIV.
2673 4237 2738 4301 p.

1054 4344 1195 4405 142.
1246 4322 1465 4406 Fabr.)
1518 4319 1624 4385 sed
1679 4332 1885 4383 tamen
1942 4317 2312 4405 conjunctus
2367 4332 2741 4406 argumento

1048 4426 1331 4515 sequenti
1373 4425 1535 4490 libro
1574 4425 1730 4506 Περὶ
1774 4423 1987 4505 ἔρωτος
2030 4421 2314 4509 quamvis
2354 4420 2556 4485 multo
2597 4435 2741 4507 post

1047 4530 1396 4616 conscripto
1423 4550 1462 4592 a
1491 4540 1842 4592 senescente
1869 4524 2261 4615 philosopho.
2336 4523 2741 4589 Communio-

1048 4656 1191 4698 nem
1224 4631 1607 4719 Argumenti
1646 4629 1874 4695 evincit
1915 4628 2089 4693 locus
2133 4627 2447 4715 sequentis
2488 4626 2630 4692 libri
2671 4649 2738 4715 p.

1053 4737 1195 4820 296.
1233 4737 1310 4800 C.
1344 4734 1424 4798 de
1463 4757 1591 4821 quo
1632 4732 1798 4798 infra
1823 4732 2193 4798 videbimus.
2284 4733 2387 4796 De
2414 4753 2569 4795 voce
2612 4731 2737 4795 δαί-

1047 4863 1174 4917 μων
1216 4837 1365 4903 item
1403 4836 1485 4901 de
1527 4836 1748 4902 Geniis
1774 4836 1837 4899 in
1867 4833 2272 4922 religionibus
2298 4848 2584 4898 veterum
2624 4857 2740 4921 po-

1048 4939 1343 5028 pulorum
1390 4940 1764 5005 Graecorum
1791 4938 1857 5002 in
1901 4937 2119 5025 primis
2161 4952 2225 5002 et
2270 4935 2576 5002 Italorum
2621 4935 2740 5001 coli

1052 5043 1265 5120 solitis,
1309 5043 1586 5129 itemque
1630 5040 1710 5106 de
1753 5041 2266 5129 philosophorum
2311 5040 2429 5104 hac
2471 5039 2553 5103 de
2595 5038 2739 5104 doc-

1050 5146 1212 5210 trina
1240 5143 1554 5210 sententiis
1579 5143 1783 5208 fusius
1820 5143 2136 5232 disputavi
2177 5142 2241 5207 in
2286 5140 2642 5230 Symbolica
2676 5156 2741 5207 et

1051 5247 1454 5337 Mythologia
1483 5246 1621 5312 vol.
1658 5247 1801 5311 III.
1835 5269 1899 5334 p.
1934 5248 2208 5312 60—82.
2242 5269 2388 5334 quae
2425 5244 2527 5309 hic
2565 5268 2742 5333 repe-

1052 5365 1181 5416 tere
1223 5351 1377 5416 nihil
1422 5349 1665 5415 attinet.
1758 5347 1892 5435 [De
1934 5348 2241 5414 vocabulo
2284 5350 2528 5430 δαίμων,
2558 5349 2742 5414 Deus

1022 5453 1276 5537 finum,
1305 5476 1514 5533 casus,
1517 5453 1809 5538 fortuna
1828 5449 1976 5516 add.
2003 5450 2453 5539 Wyttenbach.
2473 5451 2557 5516 ad
2587 5451 2742 5517 Plu-

1053 5555 1246 5620 tarch.
1284 5579 1350 5643 p.
1381 5556 1563 5645 996.]
1654 5557 1802 5621 Hoc
1843 5553 1979 5620 looo
2019 5553 2085 5619 in
2127 5553 2202 5619 iis
2244 5576 2344 5620 me
2386 5555 2740 5635 continebo,

2000 537 2861 607 ANNOTATIONES
2926 538 3036 603 IN
3103 535 3592 602 PLOTINI-

2835 735 2981 800 quae
3010 709 3261 800 proprie
3303 708 3384 773 ad
3429 709 3653 774 horum
3691 707 3962 774 duorum
4009 708 4308 774 librorum
4338 731 4523 795 argu-

2835 831 3116 881 mentum
3161 812 3494 900 pertinent,
3545 811 3959 899 adjiciamque
4017 811 4337 888 nonnulla,
4385 835 4524 898 quae

2837 917 2924 983 ibi
2954 917 3305 982 omiseram.
3367 919 3471 981 Ac
3514 915 3786 1003 primum
3817 915 3978 979 hanc
4005 915 4133 979 sive
4161 915 4522 980 sententiam

2839 1021 2968 1086 sive
3010 1020 3386 1109 opinionem,
3432 1041 3562 1083 esse
3617 1017 3853 1106 genios,
3897 1041 4127 1105 eosque
4175 1017 4526 1082 hominibus

2839 1123 3060 1189 sortito
3102 1122 3282 1209 quasi
3326 1122 3662 1187 attributos
3702 1122 3766 1186 in
3811 1121 4126 1186 communi
4169 1120 4298 1186 vita
4343 1122 4522 1185 Grae-

2834 1251 3049 1293 corum
3083 1241 3483 1315 pervagatam
3504 1249 3635 1290 esse
3656 1247 3814 1313 argu
3823 1240 3936 1290 unt
3957 1223 4303 1312 religiones,
4328 1246 4523 1300 scena,

2836 1330 3072 1407 conci0‚
3133 1329 3560 1418 sepulcrorum
3611 1326 3800 1393 tituli.
3890 1328 3993 1392 De
4049 1326 4169 1391 illis
4216 1325 4340 1391 alio
4398 1326 4527 1390 loco

2838 1432 3215 1498 monuimus.
3286 1434 3546 1496 Scenam
3577 1429 3750 1518 quod
3779 1430 4026 1510 attinet,
4048 1447 4369 1495 teneamus
4399 1429 4527 1493 haec

2839 1534 3026 1600 verba
3052 1532 3389 1598 Menandri
3420 1556 3459 1597 a
3487 1532 3701 1598 multis
3729 1531 3984 1598 laudata
4018 1533 4307 1616 (Incertt.
4351 1531 4524 1597 Falb.

2840 1639 3113 1703 XVIII.
3146 1661 3209 1726 p.
3248 1656 3392 1723 203.
3425 1636 3527 1701 ed.
3561 1640 3736 1723 Aug.
3770 1637 4141 1718 Meineckii)
4163 1661 4183 1699 .-

3112 1759 3336 1816 ‘Anarta
3364 1761 3558 1831 δαίμων
3583 1759 3732 1832 ἀνδρὶ
3757 1758 4182 1832 ουμπαρίοταται

3117 1859 3267 1916 εὐθὺς
3291 1860 3567 1934 γενομένῳ,
3596 1858 3941 1931 μυσταγωγὸς
3967 1860 4063 1911 τοῦ
4086 1857 4208 1922 βίου

3114 1956 3326 2029 ἀγαθός·
3372 1958 3523 2011 κακὸν
3549 1957 3651 2029 γὰρ
3679 1954 3875 2026 δαίμον’
3905 1955 3968 2009 οὗ
3994 1955 4268 2025 νομιστέον

3113 2049 3241 2110 εἶναι
3258 2056 3379 2122 βίον
3402 2055 3709 2120 βλάπτοντα
3733 2054 3984 2125 χρηστόν·

3111 2184 3193 2195 -
3217 2185 3299 2196 -
3325 2152 3526 2208 ἅπαντα
3550 2151 3595 2207 δ’
3622 2151 3818 2225 ἀγαθὸν
3842 2145 3970 2206 εἶναι
3995 2151 4088 2204 τὸν
4113 2150 4246 2206 θεόν.

2834 2266 2912 2329 In
2959 2264 3253 2330 concione
3301 2278 3510 2330 autem
3559 2264 3787 2352 Lysias
3829 2262 4133 2351 Epitaph.
4175 2285 4242 2351 p.
4282 2262 4427 2347 198.
4459 2283 4522 2349 p.

2837 2385 2981 2453 130.
3014 2364 3229 2431 Reisk.
3259 2390 3274 2429 :
3324 2370 3432 2431 νῦν
3462 2364 3510 2429 δ’
3535 2366 3639 2446 ἥτε
3667 2367 3848 2448 φύσις
3878 2365 3972 2429 καὶ
4003 2366 4201 2429 νόσων
4217 2365 4408 2443 ἥττων
4432 2364 4524 2426 καὶ

2832 2469 3043 2553 γήρως,
3074 2471 3128 2544 ὅ,
3148 2495 3216 2533 τε
3244 2470 3467 2549 δαίμων
3496 2471 3530 2532 ὁ
3559 2468 3668 2548 τὴν
3701 2467 3992 2550 ἡμετέραν
4026 2474 4240 2550 μοῖραν
4276 2467 4527 2550 εἰληχὼς

2833 2574 3244 2654 ἀπαραίτητος.
3361 2569 3642 2659 Sepulcri
3697 2569 3951 2635 titulum
4013 2575 4171 2637 θεοῖς
4227 2571 4524 2650 δαίμοσιν.

2831 2673 2975 2739 vide
3019 2698 3117 2762 ap.
3169 2676 3427 2739 Gruter.
3473 2696 3535 2761 p.
3574 2692 3758 2759 1015.
3790 2675 3856 2737 6.
3902 2689 3967 2738 et
4007 2673 4087 2738 cf.
4118 2672 4400 2738 Dorvill.
4444 2670 4524 2736 ad

2833 2776 3157 2842 Chariton.
3217 2799 3279 2864 p.
3325 2776 3477 2862 308.
3527 2775 3708 2864 Lips.
3772 2773 3869 2863 [p.
3922 2777 4063 2858 178.
4123 2774 4226 2840 ed.
4278 2774 4523 2862 Amst.]

2833 2880 3063 2944 Utrum
3097 2902 3245 2943 vero
3274 2901 3471 2943 unum
3501 2901 3579 2942 an
3612 2877 3824 2966 plures
3850 2878 4018 2966 genii
4046 2877 4359 2943 hominem
4389 2900 4522 2941 sor·

2829 2982 3087 3060 tiantur,
3119 2981 3288 3046 varie
3313 2981 3649 3068 quoesitum
3678 2997 3809 3055 est;
3857 2995 3922 3045 et
3949 2995 4145 3060 erant,
4172 2979 4284 3067 qui
4313 2979 4430 3044 hac
4459 2979 4522 3043 in

2828 3107 2895 3149 re
2944 3084 3299 3149 Menandro
3345 3083 3572 3149 diserte
3615 3083 4119 3171 obloquerentur.
4182 3082 4325 3148 Vid.
4365 3080 4523 3147 Plu-

2827 3187 3026 3252 tarch.
3074 3185 3154 3251 de
3195 3186 3464 3252 Defectu
3516 3189 3734 3252 Oracc.
3774 3209 3836 3274 p.
3870 3207 4021 3273 415.
4051 3186 4241 3250 A.B.
4277 3211 4340 3273 p.
4373 3187 4522 3270 699.

2830 3315 2968 3380 sqq.
3001 3292 3220 3380 Wytt.
3266 3302 3331 3357 et
3380 3290 3719 3379 praesertim
3766 3289 3957 3355 eund.
4004 3289 4085 3355 de
4129 3288 4319 3353 animi
4349 3301 4521 3352 tran-

2828 3393 3008 3481 quill.
3038 3417 3103 3483 p.
3137 3412 3287 3479 474.
3320 3396 3397 3458 B.
3425 3396 3501 3459 C.
3537 3418 3603 3484 p.
3635 3412 3781 3481 932.
3815 3415 3950 3480 sqq.
3988 3394 4197 3480 Wytt.
4286 3393 4524 3456 Contra

2828 3498 2932 3565 alii
2978 3498 3310 3579 docebant,
3355 3520 3554 3563 unum
3605 3496 3951 3562 daemonem
4010 3494 4240 3561 multas
4288 3494 4524 3558 animas

2833 3603 3187 3692 gubernare
3225 3600 3622 3690 (Olympiod.
3676 3603 3737 3665 in
3778 3599 4079 3666 Phaedon.
4129 3600 4191 3664 in
4224 3601 4524 3687 Wytten·

2836 3706 3041 3772 bachii
3070 3709 3338 3771 Annott.
3372 3731 3435 3793 p.
3469 3707 3644 3790 289.)
3695 3704 3984 3769 Plotinus
4019 3719 4230 3768 autem
4274 3701 4525 3789 reliqui-

2837 3833 2963 3898 que
3000 3810 3193 3897 hujus
3239 3809 3490 3874 familiae
3536 3807 3889 3897 philosophi
3933 3808 4223 3872 Platonis
4255 3806 4525 3870 maxime

2827 3913 2994 3978 locos
3021 3936 3137 4000 pro
3161 3912 3365 3977 fundo
3393 3912 3773 3989 habuerunt,
3796 3911 3860 3975 in
3891 3910 4125 3998 quibus
4153 3909 4526 3997 disputatio-

2829 4039 2980 4082 num
3011 4038 3265 4081 suarum
3295 4015 3474 4103 quasi
3501 4015 3716 4079 orbem
3744 4012 4153 4078 includerent.
4223 4014 4387 4077 Sunt
4413 4034 4525 4076 au·

2827 4133 2949 4184 tem
2982 4119 3044 4183 in
3079 4119 3293 4207 primis
3320 4119 3426 4182 hi:
3478 4116 3720 4205 Cratyl.
3753 4140 3818 4205 p.
3842 4119 3993 4203 398.
4030 4115 4250 4205 Steph.
4290 4114 4522 4179 Timaei

2827 4245 2891 4310 p.
2925 4243 3032 4304 40.
3063 4221 3126 4285 d.
3175 4220 3418 4286 Politic.
3453 4243 3514 4308 p.
3551 4239 3696 4304 271.
3730 4220 3932 4306 Legg.
3964 4220 4081 4283 IV.
4113 4241 4180 4306 p.
4203 4235 4353 4304 713.
4384 4242 4518 4306 sqq.

2828 4324 3126 4413 Epinom.
3159 4347 3225 4411 p.
3259 4325 3408 4410 984.
3454 4347 3547 4411 sq.
3594 4325 3884 4412 Sympos.
3915 4345 3982 4410 p.
4020 4341 4160 4408 203.
4195 4345 4287 4409 sq.
4330 4321 4519 4387 Phae-

2826 4426 2973 4492 don.
3021 4449 3089 4513 p.
3125 4445 3266 4499 107.
3301 4427 3486 4514 Reip.
3524 4428 3612 4490 X.
3645 4451 3707 4513 p.
3742 4427 3893 4508 617.
3925 4449 3979 4490 e.
4013 4402 4044 4442 Ι
4075 4425 4367 4490 Indidem
4408 4447 4523 4489 an-

2826 4551 2957 4594 sam
2999 4527 3339 4592 disserendi
3381 4528 3661 4594 certatim
3706 4528 4025 4616 arripuere
4057 4543 4121 4593 et
4163 4528 4208 4592 ii
4247 4526 4519 4617 philoso-

2827 4631 2959 4720 phi,
2989 4630 3102 4717 qui
3131 4629 3278 4695 huic
3307 4647 3679 4717 argumento
3706 4631 3980 4719 integros
4009 4629 4201 4695 libros
4227 4630 4329 4695 vel
4355 4645 4524 4696 certe

2824 4733 3065 4799 libellos
3093 4731 3403 4809 dicarunt,
3427 4733 3524 4798 vel
3554 4732 3690 4797 aliis
3717 4732 3781 4797 in
3807 4732 4243 4820 scriptionibus
4271 4732 4334 4796 in
4364 4731 4523 4797 illud

2825 4836 3301 4925 inquisiverunt.
3376 4837 3455 4900 In
3483 4836 3627 4915 illis,
3647 4852 3876 4925 praeter
3906 4834 4310 4901 Posidonium
4345 4835 4524 4917 (Ma-

2827 4939 2996 5004 crob.
3056 4941 3307 5004 Saturn.
3360 4939 3419 5003 1.
3453 4941 3590 5025 23.)
3637 4952 3700 5002 et
3749 4937 4069 5003 Plotinum
4121 4937 4353 5025 ipsum,
4398 4937 4521 5001 fuit

2828 5041 3132 5130 Origenes
3163 5040 3521 5106 Platonicus
3545 5042 3730 5123 (teste
3754 5039 4048 5127 Longino
4076 5062 4179 5127 ap.
4205 5038 4521 5128 Porphyr.

2825 5144 2906 5209 de
2937 5145 3066 5210 vita
3103 5144 3336 5210 Plotini
3380 5169 3435 5211 c.
3471 5145 3644 5209 XX.
3684 5167 3749 5232 p.
3781 5166 3848 5231 p.
3884 5161 4023 5228 123.
4078 5142 4371 5207 Fabric.:
4425 5143 4524 5207 καὶ

2828 5251 2943 5332 γὰρ
2974 5251 3031 5314 εἴ
3062 5274 3119 5312 τι
3159 5249 3382 5313 τούτων
3413 5246 3751 5332 γέγραπταί
3775 5271 3952 5319 τισιν,
3986 5247 4189 5328 ὥσπερ
4216 5242 4524 5328 Ὠριγένει

2825 5355 2939 5433 μὲν
2965 5353 3033 5417 τὸ
3063 5354 3199 5436 περὶ
3240 5355 3535 5434 δαιμόνων
3566 5381 3617 5417 κ.
3640 5377 3696 5416 τ.
3717 5355 3813 5436 λ.)
3846 5350 4074 5439 aliique
4112 5350 4196 5415 ad
4241 5349 4525 5415 Michae-

2826 5453 2950 5519 lem
2981 5453 3256 5520 Psellum
3291 5477 3512 5542 usque,
3542 5454 3724 5541 cujus
3752 5451 4032 5518 libellum
4062 5452 4198 5535 περὶ
4220 5453 4525 5536 ἐνεργείας

2831 5559 3143 5638 δαιμόνων,
3177 5555 3307 5621 sive
3350 5571 3424 5622 ut
3464 5555 3568 5622 alii
3611 5555 3979 5643 inscriptum
4017 5553 4212 5620 fuisse
4253 5554 4522 5634 malunt,
