5118 6613
1043 543 1169 608 280

1038 712 1310 778 τέτακται
1346 707 1490 791 πρὸς
1534 713 1603 772 τὸ
1642 708 1991 771 ἀκολουθεῖν
2029 710 2108 793 τῷ
2157 711 2271 794 θεῷ
2312 721 2376 771 01
2417 705 2544 771 vita
2590 706 2726 793 ejus

1036 815 1237 880 omnis
1261 810 1655 900 componitur
1682 810 1763 874 ad
1794 810 2210 875 obedientiam
2244 812 2384 875 Deo
2410 835 2423 874 :
2457 810 2538 873 cf.
2564 811 2726 897 ejus-

1036 919 1177 984 dem
1218 920 1533 1002 Protrept.
1565 915 1687 978 VI.
1731 936 1797 1001 p.
1825 915 1927 996 98.
1963 913 2224 978 Kiessl.:
2275 914 2370 977 καὶ
2414 912 2610 977 πάντα
2652 916 2726 977 τᾶ

1037 1017 1342 1106 (agnoscit
1367 1016 1550 1081 etiam
1585 1015 1745 1081 Cod.
1781 1018 1944 1103 Reg.
1974 1015 2038 1079 in
2070 1015 2309 1080 schedis
2347 1014 2529 1097 meis)
2563 1017 2725 1079 ἄλλα

1034 1123 1179 1205 πρὸς
1202 1126 1343 1186 νοῦν
1365 1121 1460 1185 καὶ
1487 1120 1592 1184 τὸν
1614 1120 1756 1185 θεὸν
1785 1120 2162 1185 συντακτέον.
2210 1119 2290 1184 cf.
2322 1117 2477 1183 ibid.
2508 1143 2559 1183 c.
2579 1118 2718 1183 VlI.

1032 1248 1101 1313 p.
1132 1245 1275 1305 114.
1307 1223 1408 1287 ed.
1446 1222 1668 1287 Kiessl.

1119 1352 1182 1417 p.
1218 1348 1366 1412 914,
1396 1346 1460 1411 5.
1496 1326 1600 1390 τὸν
1619 1329 1760 1390 εἴσω
1783 1328 2095 1407 ἄνθρωπον
2124 1353 2172 1388 κ.
2197 1351 2253 1388 τ.
2271 1325 2369 1413 λ.]
2394 1323 2578 1389 Ρ1010
2601 1324 2720 1389 Al-

1030 1431 1153 1495 cib.
1191 1454 1284 1519 pr.
1316 1432 1420 1516 36.
1472 1428 1756 1493 AEschin.
1804 1428 2096 1493 Axiocho
2135 1448 2197 1513 5.
2243 1427 2396 1514 ibiq.
2444 1427 2718 1492 Fischer.

1031 1557 1093 1621 p.
1127 1552 1269 1618 123.
1318 1532 1539 1597 Cicero
1576 1531 1798 1595 Tusce.
1834 1531 1890 1596 Ι.
1928 1548 2031 1595 22.
2061 1529 2216 1616 ibiq.
2260 1529 2467 1593 DaviS.
2504 1533 2717 1594 Somn.

1034 1635 1199 1724 Scip.
1232 1659 1285 1700 0.
1320 1636 1379 1699 8.
1413 1656 1556 1698 cum
1589 1633 1826 1698 Moseri
1859 1648 2071 1697 annot.
2107 1631 2346 1696 Paulus
2377 1635 2604 1719 Apost.
2637 1631 2715 1696 ad

1033 1740 1285 1803 Romm.
1318 1737 1481 1801 VII.
1517 1755 1633 1801 22:
1684 1740 1831 1801 κατὰ
1871 1736 1978 1799 τὸν
2018 1736 2137 1799 ἔσω
2167 1737 2501 1817 ἄνθρωπον,
2532 1750 2597 1798 01
2637 1735 2718 1799 ad

1029 1864 1170 1906 eum
1207 1843 1408 1928 Hugo
1438 1839 1715 1905 Grotius.
1794 1838 2029 1926 Ephes.
2061 1839 2197 1902 111.
2228 1839 2327 1901 16.
2362 1841 2443 1906 εἰς
2470 1838 2579 1901 τὸν
2600 1839 2719 1902 ἔσω

1029 1947 1359 2027 ἄνθρωπον.
1450 1942 1644 2007 Adde
1703 1941 1993 2006 Proclum
2055 1941 2119 2005 111
2164 1940 2364 2006 Alcib.
2413 1963 2506 2028 pr.
2554 1964 2622 2028 p.
2656 1961 2717 2025 9.

892 2096 899 2103 .
1038 2068 1177 2129 141.
1208 2062 1272 2112 et
1297 2046 1547 2134 passim,
1578 2061 1641 2109 et
1671 2043 2033 2132 Olympiod.
2063 2044 2126 2107 in
2166 2044 2357 2108 eund.
2396 2043 2714 2130 dialogum

1027 2173 1093 2237 p.
1127 2171 1226 2214 10.
1256 2165 1318 2214 et
1353 2147 1699 2233 198.—Ad
1743 2149 2032 2234 proxima
2060 2152 2195 2215 νοῦς
2230 2149 2295 2211 δὲ
2334 2150 2367 2211 ὀ
2405 2149 2516 2226 μὲν
2545 2155 2713 2230 λογι-

1026 2255 1267 2333 ζόμενος
1283 2255 1317 2316 ὅ
1335 2254 1401 2316 δὲ
1422 2250 1702 2335 παρέχων
1718 2250 1968 2329 adhibe,
1988 2273 2134 2336 quae
2153 2249 2450 2337 leguntur
2474 2274 2536 2336 p.
2559 2271 2707 2334 499.

1025 2378 1078 2419 0.
1103 2375 1167 2442 3.
1201 2356 1279 2419 A.
1300 2355 1378 2418 B.
1413 2369 1476 2418 01
1505 2377 1567 2441 p.
1588 2357 1732 2439 633.
1768 2355 1858 2417 B:
1907 2356 1941 2417 ὅ
1976 2356 2043 2417 δὲ
2077 2357 2210 2421 νοῦς
2240 2354 2309 2417 οὐ
2336 2356 2541 2435 λόγοις
2569 2357 2713 2436 χρῆ-

1023 2484 1121 2522 ται
1162 2462 1487 2540 πανταχοῦ,
1536 2456 1645 2520 11111
1687 2455 1806 2520 alia
1846 2455 2080 2521 addidi.
2159 2456 2263 2521 Cf.
2294 2455 2477 2520 etiam
2525 2479 2716 2545 supra

1026 2584 1087 2647 p.
1118 2578 1270 2646 475.
1300 2561 1377 2624 A.
1405 2558 1556 2646 ibiq.
1590 2572 1798 2624 annot.

1109 2701 1194 2712 —
1232 2682 1324 2747 15.
1375 2666 1495 2727 Διὰ
1520 2667 1691 2726 τοῦτο
1724 2663 1817 2726 καὶ
1865 2663 2002 2748 [ἔτι]
2054 2661 2273 2742 ἔξωθέν
2307 2664 2521 2748 φησιν]
2576 2664 2715 2728 Un-

1021 2765 1175 2830 cinis
1202 2764 1419 2830 inclusi
1449 2766 1554 2839 ἔτι,
1587 2764 1758 2851 quod
1789 2779 1852 2829 et
1890 2789 1929 2829 a
1969 2765 2141 2829 libris
2169 2763 2408 2852 aliquot
2444 2765 2619 2830 abest
2652 2782 2714 2831 et

1023 2894 1057 2933 0
1086 2868 1366 2956 sequenti
1396 2868 1676 2932 membro
1714 2868 1839 2933 huc
1878 2881 2211 2933 retractum
2244 2867 2441 2932 videri
2484 2883 2734 2956 potest.·

1025 2975 1321 3038 Ceterum
1351 2971 1478 3035 vid.
1511 2970 1753 3035 Platon.
1795 2970 2111 3035 Timaeum
2142 2996 2208 3058 p.
2234 2973 2338 3057 36.
2372 2972 2478 3034 fin.
2511 2994 2572 3058 p.
2603 2993 2708 3059 34.

1024 3074 1225 3141 Bekk.
1273 3092 1338 3140 et
1372 3073 1455 3139 cf.
1488 3072 1809 3137 Plotinum
1848 3095 1909 3160 p.
1941 3073 2091 3159 388.
2128 3075 2197 3136 C.
2229 3086 2292 3137 et
2322 3095 2386 3160 p.
2408 3074 2557 3154 482.
2593 3074 2706 3138 inf.

1022 3178 1129 3243 Ad
1161 3176 1480 3264 sequentia
1507 3175 1735 3240 adhibe
1765 3175 2085 3264 superiora
2102 3177 2220 3240 IV.
2246 3196 2309 3259 3.
2338 3195 2436 3241 12.
2470 3198 2534 3263 p.
2553 3180 2703 3262 381.

1021 3283 1097 3347 Β.
1152 3282 1299 3370 ibiq.
1351 3295 1565 3347 annot.
1607 3293 1670 3345 et
1712 3278 1885 3367 quod
1934 3278 2100 3345 locos
2142 3302 2220 3344 ex
2267 3279 2599 3345 Theaeteto
2642 3297 2707 3348 01

1023 3385 1340 3450 Phaedone
1368 3382 1590 3447 attinet
1620 3382 1679 3446 I.
1702 3402 1759 3448 2.
1798 3404 1854 3447 1.
1903 3383 1962 3447 I.
1985 3402 2044 3447 2.
2075 3402 2137 3447 2.
2189 3383 2245 3446 1.
2283 3400 2341 3447 2.
2374 3402 2438 3467 3.
2483 3383 2534 3446 1.
2553 3386 2615 3448 6.
2641 3387 2703 3449 6.

1017 3487 1165 3575 ibiq.
1196 3502 1433 3552 annott.

1102 3615 1167 3679 p.
1202 3610 1351 3675 915,
1388 3610 1486 3655 10.
1553 3594 1648 3655 δεῖ
1688 3590 1767 3671 μὴ
1819 3590 1924 3655 τὸν
1972 3591 2587 3672 λογιζόμενον-νοῦν
2639 3593 2706 3655 ἐν

1014 3697 1153 3774 ἡμῖν
1182 3694 1379 3778 εἷναι,]
1431 3695 1497 3757 N
1498 3716 1577 3758 on
1623 3693 1906 3759 dubitavi
1949 3692 2216 3779 adjicere
2256 3694 2337 3775 μὴ
2378 3716 2457 3757 ex
2503 3694 2559 3757 F
2563 3693 2704 3758 icini

1015 3797 1291 3861 versione
1335 3811 1398 3859 et
1435 3796 1591 3861 Cod.
1644 3797 1824 3860 Med.
1864 3797 1944 3862 A.
2036 3795 2314 3883 Flagitat
2355 3797 2517 3861 enim
2566 3820 2701 3861 sen-

1015 3899 1223 3963 tentia.
1316 3899 1587 3986 Insuper
1613 3914 1821 3964 autem
1851 3899 2251 3987 cogitandum
2283 3915 2376 3964 est
2403 3901 2584 3980 ταύτῃ
2607 3899 2702 3964 vel

1016 3999 1212 4064 simile
1239 4001 1412 4087 quid.
1474 4002 1791 4066 Nimirum
1819 4012 2094 4081 eatenus,
2123 4012 2430 4090 quatenus
2459 4002 2704 4068 animus

1012 4103 1323 4169 interdum
1371 4128 1493 4170 non
1530 4106 1955 4183 ratiocinatur,
1986 4106 2386 4171 statuendum
2430 4123 2545 4184 est,
2577 4130 2700 4171 non

1014 4205 1210 4270 inesse
1225 4206 1288 4270 in
1311 4231 1385 4272 eo
1404 4208 1871 4273 ratiocinantem
1893 4222 2183 4273 mentem.
2264 4209 2703 4295 Comparanda

1012 4325 1220 4373 autem
1253 4325 1399 4376 sunt
1439 4325 1651 4376 nostro
1683 4334 1826 4376 cum
1859 4311 2014 4388 loco,
2045 4333 2190 4397 quae
2223 4309 2510 4375 Plotinus
2540 4311 2701 4376 infra

1011 4413 1287 4500 disputat
1316 4415 1519 4496 VI.4.
1538 4437 1598 4496 4.
1631 4437 1695 4502 p.
1721 4416 1868 4496 647.
1903 4430 1965 4478 et
1996 4413 2331 4501 Porphyrii
2366 4413 2700 4479 Sententiae

1013 4518 1073 4599 ξ.
1104 4518 1181 4581 V.
1216 4518 1450 4582 XVII.
1483 4519 1730 4584 XXX.
1811 4518 2079 4606 Copiose
2106 4517 2186 4582 de
2218 4516 2333 4582 hoc
2360 4517 2497 4581 loco
2531 4518 2697 4582 simi-

1010 4617 1296 4705 libusque
1323 4619 1674 4707 philosophi
1714 4620 1907 4686 nostri
1941 4619 2199 4707 exponit
2239 4620 2603 4685 Cudworth.
2634 4622 2698 4685 in

1014 4722 1177 4807 Syst.
1205 4721 1414 4785 Intell.
1444 4745 1508 4809 p.
1536 4725 1682 4788 668.
1711 4747 1804 4811 sq.
1836 4722 2176 4810 inquirenS,
2200 4723 2353 4809 quid
2377 4724 2496 4787 sint
2526 4724 2695 4812 apud

1011 4821 1330 4888 Plotinum
1373 4827 1431 4888 οἱ
1464 4823 1614 4901 νόες,
1646 4850 1694 4891 3.
1728 4829 1786 4891 οἱ
1816 4832 1928 4900 νοΐ,
1959 4849 2120 4912 quos
2160 4824 2311 4889 nihil
2351 4826 2523 4890 aliud
2568 4851 2698 4892 esse

1004 4925 1355 5013 suspicatur
1376 4926 1490 4991 nisi
1509 4928 1732 4994 animae
1748 4927 1953 5016 capita
1971 4943 2035 4993 et
2063 4929 2447 4994 summitates
2477 4929 2696 5012 (heads

1005 5028 1130 5093 and
1153 5029 1545 5109 summities).

1062 5169 1145 5181 —
1180 5135 1270 5196 16.
1293 5136 1394 5219 Τῷ
1417 5136 1533 5216 γὰρ
1549 5134 1817 5219 τοιούτῳ]
1850 5132 2205 5198 Lectionem
2226 5132 2510 5198 editionis
2532 5157 2694 5201 mar-

1004 5235 1272 5323 ginalem
1302 5236 1370 5299 τὸ
1407 5239 1523 5319 γὰρ
1567 5240 1815 5311 τοιοῦτο,
1848 5235 1992 5301 11001
2025 5260 2120 5315 00,
2157 5235 2207 5299 31
2250 5237 2483 5323 cogites
2528 5242 2693 5314 κατὰ,

1003 5362 1183 5426 aeque
1227 5338 1554 5404 commoda
1597 5339 1695 5418 sit,
1728 5339 2029 5404 librorum
2072 5351 2280 5403 tamen
2322 5341 2521 5405 MSS.
2559 5339 2684 5405 lec-

1003 5441 1177 5519 tioni,
1232 5466 1420 5530 quam
1467 5457 1678 5508 textus
1716 5443 1919 5521 offert,
1966 5442 2453 5531 posthabendam
2505 5442 2689 5508 duxi-

1003 5565 1163 5608 mus.

2026 533 2869 599 ANNOTATIONES
2919 533 3028 598 IN
3078 532 3516 598 PLOTINI

2897 728 2964 792 p.
3002 708 3151 788 916,
3189 725 3244 768 1.
3307 711 3447 773 Πῶς
3496 704 3795 769 οῦν-οὔκ
3852 707 4507 786 ἀντιλαμβανόμεθα-

2813 809 2908 871 καὶ
2937 809 3006 872 οὐ
3034 810 3242 889 μόριον
3263 812 3464 891 ψυχῆς
3493 805 3628 871 ἀλλ’
3660 807 3698 886 ἡ
3724 805 3932 871 ἅπασα
3951 808 4121 891 ψυχὴ
4138 809 4334 893 ὄντες]
4370 809 4507 876 Cic.

2814 911 3040 974 Tusce.
3078 911 3132 975 I.
3171 930 3289 975 22:
3340 921 3384 948 ‘⁴
3421 911 3646 996 Neque
3675 930 3790 973 nos
3816 933 4074 996 corpora
4104 933 4360 987 sumus;
4394 935 4507 979 nec

2810 1037 2928 1101 ego
2959 1013 3068 1078 tibi
3103 1013 3237 1077 haec
3268 1012 3476 1077 dicens
3506 1011 3750 1097 corpori
3781 1027 3892 1076 tuo
3920 1012 4085 1076 dico.
4178 1016 4341 1078 Cum
4381 1015 4505 1103 igi·

2811 1130 2916 1181 tur
2971 1138 3150 1180 nosce
3206 1126 3264 1180 te
3319 1115 3491 1194 dicit,
3552 1115 3668 1179 hoc
3727 1114 3915 1179 dicit:
3966 1116 4171 1181 Nosce
4224 1117 4503 1183 animum

2811 1236 2992 1284 tuum
3018 1245 3032 1284 ε
3081 1242 3221 1283 110111
3253 1242 3482 1306 corpus
3509 1218 3760 1305 quidem
3794 1217 3971 1305 quasi
4003 1242 4111 1283 vas
4138 1234 4232 1284 est
4257 1235 4369 1286 aut
4395 1222 4503 1287 ali-

2808 1323 2980 1410 quod
3025 1322 3211 1387 animi
3255 1321 3752 1409 receptaculum;
3801 1322 3882 1387 ab
3924 1322 4134 1386 animo
4167 1336 4279 1389 tuo
4320 1325 4503 1411 quid-

2808 1425 2960 1514 quid
3007 1425 3236 1512 agitur,
3264 1424 3327 1489 id
3374 1425 3586 1512 agitur
3621 1447 3659 1488 a
3689 1423 3808 1488 te.”
3898 1427 4103 1503 Quam
4146 1426 4210 1489 in
4256 1446 4499 1493 senten-

2811 1531 2957 1594 tiam
2990 1529 3173 1617 plura
3201 1528 3450 1592 laudavi
3480 1528 3558 1592 ad
3595 1550 3735 1615 cap.
3771 1529 3865 1592 X.
3896 1550 3959 1615 p.
3981 1550 4131 1612 491.
4167 1531 4243 1595 B.
4331 1532 4502 1598 Hinc

2805 1632 2949 1696 illa:
3000 1634 3322 1714 ἄνθρωπος,
3353 1630 3523 1714 ψυχὴ
3560 1633 3787 1711 σώματι
3827 1632 4120 1715 χρωμένη.
4202 1634 4402 1698 Procl.
4432 1635 4495 1700 in

2809 1735 3014 1801 Alcib.
3076 1758 3171 1823 pr.
3225 1758 3290 1822 p.
3327 1736 3474 1819 296.
3520 1749 3620 1797 et:
3670 1735 3974 1816 ἄνθρωπος
4020 1737 4087 1798 ἑν
4132 1741 4304 1821 ψυχῇ
4349 1739 4497 1803 ἐστι.

2810 1840 2988 1904 Idem
3049 1863 3114 1927 p.
3158 1841 3306 1924 316.
3367 1837 3679 1924 itemque:
3744 1839 4048 1918 ἄνθρωπος
4103 1841 4289 1921 λόγος
4345 1844 4494 1917 ἐστί,

2806 1942 3242 2030 Olympiodor.
3274 1942 3338 2005 in
3368 1940 3553 2005 eund.
3584 1939 3733 2003 dial.
3765 1963 3824 2027 p.
3860 1962 3951 2005 10.
3983 1956 4047 2004 01
4066 1964 4133 2028 p.
4165 1944 4304 2026 198.
4381 1946 4493 2010 At.

2804 2071 2928 2133 que
2971 2045 3392 2132 conjunctiora
3420 2067 3564 2108 cum
3597 2042 3789 2107 nostri
3819 2041 3937 2107 loci
3965 2061 4336 2130 argumento
4361 2047 4495 2135 ipse

2805 2166 3011 2213 noster
3063 2161 3316 2236 praestat
3368 2168 3557 2235 supra
3616 2170 3682 2235 p.
3712 2163 3858 2231 347.
3912 2169 4007 2232 sq.
4050 2170 4181 2234 quo
4230 2148 4311 2213 de
4360 2150 4495 2218 loco

2801 2252 3084 2339 proxima
3112 2249 3430 2315 annotatio
3456 2248 3829 2313 eonferenda
3855 2263 3968 2313 031.

2887 2392 2973 2404 -
3003 2376 3065 2440 9.
3113 2355 3206 2419 καὶ
3237 2354 3322 2418 ἔτι
3353 2355 3606 2417 ἕκαστον
3634 2359 3752 2417 τῶν
3779 2359 4051 2436 ψυχικῶν
4071 2360 4186 2431 (ὢν
4211 2357 4306 2421 ἀεὶ
4327 2360 4489 2442 ἔνερ-

2799 2464 2902 2540 γεῖ
2939 2459 3033 2522 ἀεὶ
3078 2456 3202 2522 καθ’
3251 2457 3392 2521 αὑτὸ
3436 2456 3504 2520 τὸ
3550 2458 3777 2541 αὑτοῦ]
3829 2455 3962 2521 Alii
4006 2456 4148 2522 libri
4191 2462 4357 2536 ζώον,
4389 2462 4488 2526 ed.

2801 2562 2946 2625 Bas.
2978 2562 3160 2637 ζώων.
3250 2561 3539 2624 Fortasse
3566 2558 3673 2623 illa
3700 2559 4051 2624 emendatio
4081 2560 4351 2627 debetur
4379 2565 4487 2629 Fi-

2798 2663 2958 2740 cin0‚
2989 2663 3099 2750 qui
3142 2686 3286 2727 suas
3314 2664 3698 2750 conjecturas
3742 2662 3970 2749 saepius
4010 2663 4366 2752 appinxisse
4395 2668 4484 2733 vi-

2798 2766 2985 2830 detur
3015 2765 3318 2830 Mediceis
3342 2765 3701 2830 Codicibus.
3793 2766 4038 2830 Tamen
4070 2766 4135 2832 h.
4158 2766 4203 2831 1.
4237 2768 4300 2833 111
4330 2771 4494 2836 01111-

2799 2892 2942 2933 nem
2977 2868 3178 2956 recepi
3222 2882 3294 2932 111
3338 2866 3764 2944 necessariam,
3793 2866 3909 2930 nisi
3952 2890 4313 2956 expungere
4357 2895 4486 2938 ma-

2799 2970 2987 3035 lueris
3014 2971 3171 3036 illud
3200 2969 3375 3058 prius
3405 2972 3517 3043 ἀεὶ,
3541 2969 3717 3056 quod
3746 2969 4044 3034 audacius
4071 2971 4252 3038 foret.
4325 2976 4484 3043 Mox

2796 3097 2913 3162 pro
2948 3081 3111 3139 ποιεῖ
3147 3075 3396 3161 reposui
3439 3096 3518 3136 ex
3562 3073 3842 3159 margine
3882 3072 4170 3139 editionis
4211 3090 4275 3141 et
4316 3076 4489 3144 libris

2798 3178 2995 3242 MSS.
3029 3183 3266 3242 ποιεῖν.·
3338 3177 3571 3240 Nostro
3601 3198 3747 3239 vero
3775 3176 3911 3240 loco
3949 3198 4132 3241 nemo
4160 3177 4304 3266 plus
4332 3179 4487 3246 lucis

2790 3280 2993 3360 affert,
3025 3302 3212 3367 quam
3261 3279 3393 3368 ipse
3429 3278 3717 3344 Plotinus
3755 3279 3819 3344 in
3864 3278 4023 3346 libro
4065 3284 4201 3364 περὶ
4243 3288 4487 3368 θεωρίας

2793 3385 2889 3449 καὶ
2931 3389 3036 3448 τοῦ
3067 3384 3216 3458 ἑνὸς,
3248 3384 3322 3448 de
3365 3383 3875 3470 contemplatione
3909 3392 3969 3448 et
4009 3407 4138 3449 uno
4179 3387 4357 3469 (III.
4388 3389 4480 3473 8.)

2789 3486 3104 3575 praecipue
3145 3486 3349 3574 capite
3392 3486 3614 3573 quinto
3655 3509 3719 3573 p.
3749 3503 3896 3572 347.
3942 3510 4033 3574 sq.
4074 3488 4248 3574 quod
4285 3490 4484 3580 integ.

2789 3612 2932 3653 rum
2960 3612 3103 3654 cum
3135 3589 3252 3654 hoc
3281 3589 3486 3674 capite
3515 3591 4013 3676 componendum
4043 3606 4159 3655 est.
4254 3594 4480 3660 'Unum

2792 3692 3225 3757 tantummodo
3266 3691 3592 3756 flosculum
3634 3692 3959 3780 decerpam
4005 3716 4218 3757 eorum
4259 3697 4475 3763 verbo-

2791 3819 2930 3860 rum
2962 3819 3168 3874 causa,
3199 3819 3343 3883 quae
3374 3817 3539 3859 nunc
3576 3795 3781 3882 ipsum
3814 3800 4364 3863 111101οω033-δώ
4391 3806 4485 3866 δεῖ

2788 3900 2868 3981 μὴ
2900 3900 3116 3979 ἔξωθεν
3144 3900 3249 3963 τὸν
3275 3900 3466 3980 λόγον
3495 3897 3666 3971 εἶναι,
3701 3896 3839 3962 ἀλλ’
3872 3900 4160 3978 ἑνωθῆναι
4196 3904 4267 3980 rii
4305 3908 4476 3988 ψ-υχῇ

2787 4008 2893 4067 τοῦ
2917 4002 3341 4084 μανθάνοντος,
3376 4004 3483 4069 ἑως
3511 4000 3586 4065 ἂν
3616 4004 3834 4065 οἰκεῖον
3865 4004 4021 4083 εὕρῃ.

3450 4191 3650 4254 LIB.
3711 4190 3808 4254 11.

2873 4335 2938 4399 p.
2970 4312 3118 4396 918,
3153 4328 3207 4394 7.
3257 4317 3450 4375 ΠΕΡΙ
3492 4315 3929 4374 ΓΕΝΕΣΕΩΣ
3969 4314 4108 4373 ΚΑΙ
4137 4313 4470 4378 ΤΑΞΕΩΣ

2785 4420 2961 4478 ΤΩΝ
2994 4419 3226 4477 ΜΕΤΑ
3253 4417 3365 4478 ΤΟ
3397 4416 3794 4498 ΠΡΩΤΟΝ]
3833 4411 4225 4478 Undecimus
4252 4429 4346 4480 est
4374 4416 4473 4482 hic

2784 4516 2942 4581 liber
2958 4516 3175 4581 ordine
3198 4517 3514 4603 temporie,
3532 4516 3704 4602 quod
3727 4514 3955 4603 singuli
3974 4539 4013 4580 a
4031 4514 4284 4581 Plotino
4303 4542 4473 4584 com-

2784 4620 2968 4707 positi
2998 4635 3164 4684 sunt.
3239 4619 3382 4684 vid.
3414 4619 3723 4707 Porphyr.
3751 4619 3831 4683 de
3860 4618 3985 4684 Vit.
4016 4618 4170 4683 Plot.
4193 4642 4326 4707 cap.
4355 4622 4468 4687 IV.

2786 4736 2849 4787 et
2877 4745 3015 4810 cap.
3048 4723 3278 4787 XXV.
3358 4722 3617 4809 Anglice
3645 4723 3832 4786 vertit
3861 4721 4094 4787 Thom.
4121 4722 4382 4811 Taylor.
4405 4728 4469 4790 in

2789 4824 2990 4889 Select
3034 4823 3275 4888 Works
3316 4824 3391 4889 of
3428 4825 3717 4888 Plotinus
3761 4848 3823 4912 p.
3854 4843 4001 4909 397.
4033 4846 4174 4910 sqq.
4265 4828 4472 4893 Caete-

2781 4950 2923 4992 rum
2942 4950 3083 4992 cum
3115 4926 3307 5014 hujus
3334 4926 3522 4991 libelli
3552 4943 3922 5014 argumento
3941 4927 4275 5014 conjuncta
4300 4947 4469 5010 sunt,

2778 5054 2924 5117 quae
2949 5029 3230 5118 disputat
3260 5029 3519 5094 Proclus
3547 5031 3682 5111 περὶ
3712 5031 3917 5098 ἑνάδος
3943 5030 4007 5093 111
4041 5031 4199 5095 Inst.
4236 5033 4466 5099 Theol.

2778 5158 2829 5198 0.
2878 5134 2994 5197 VI.
3037 5157 3102 5221 p.
3144 5154 3242 5197 10.
3275 5132 3372 5198 ed.
3422 5148 3614 5197 nostr.
3654 5150 3717 5198 et
3758 5135 3893 5215 περὶ
3934 5136 4327 5215 παραγόντων
4371 5139 4469 5203 καὶ

2776 5236 3206 5320 παραγομένων
3248 5259 3304 5300 0.
3357 5237 3519 5301 VII.
3565 5235 3718 5301 ibid.
3779 5259 3846 5324 p.
3883 5256 3982 5301 10.
4027 5260 4166 5325 sqq.
4218 5254 4281 5304 et
4323 5264 4466 5330 cap.

2779 5340 2979 5404 CIII.
3009 5362 3075 5426 p.
3107 5357 3246 5425 152.
3278 5363 3416 5427 sqq.

2862 5467 2922 5529 p.
2957 5463 3106 5526 919,
3136 5462 3193 5506 1.
3223 5443 3293 5506 οὗ
3322 5443 3918 5527 διπλόηφ-ὁτουοῦν]
3973 5441 4346 5529 Legendum
4376 5447 4441 5511 vi

2775 5545 2997 5611 detur:
3048 5545 3184 5609 οὐδὲ
3212 5546 3455 5625 διπλόης
3482 5547 3831 5610 οὑτινοσοῦν
3863 5544 4020 5626 (31νο
4046 5547 4348 5633 ὁτουοῦν).
