5118 6613
991 495 1114 564 232

990 648 1215 717 πιάδος.
1307 647 1417 711 Ita
1452 644 1681 733 soepius
1723 644 1953 709 LXX.
2002 643 2150 709 vid.
2182 643 2341 708 Biel.
2379 644 2692 708 Thesaur.

992 752 1068 815 V.
1102 752 1189 815 T.
1230 750 1373 813 111.
1417 771 1485 835 p.
1512 767 1661 834 351.
1752 747 1856 812 De
1896 748 2090 813 verbo
2132 746 2261 812 vid.
2307 747 2593 834 Hesych.
2628 747 2695 811 in

988 851 1419 934 συλλήψεσθαι
1447 873 1508 937 p.
1550 871 1573 914 1
1593 869 1735 936 292.
1761 851 1998 915 Thom.
2025 852 2208 938 Mag.
2248 873 2314 937 p.
2348 852 2492 915 816.
2527 851 2694 937 Hip-

990 968 1227 1040 pocrat.
1261 952 1626 1041 Aphorism.
1660 954 1736 1017 V.
1771 957 1831 1039 ξ.
1864 956 1971 1033 46.
2019 953 2382 1019 Boissonad.
2424 954 2504 1018 ad
2537 953 2694 1018 Phi·

990 1057 1164 1121 lostr.
1198 1056 1475 1120 Heroica
1503 1080 1566 1144 p.
1590 1057 1674 1142 38
1677 1072 1744 1141 5.
1823 1055 2003 1120 Idem
2038 1056 2118 1120 ad
2153 1055 2505 1121 Herodiani
2535 1056 2694 1143 Epi-

990 1158 1326 1222 merismm.
1357 1182 1420 1245 p.
1454 1160 1558 1238 64.
1593 1180 1687 1243 sq.
1732 1156 1896 1221 idem
1933 1157 2015 1222 ad
2046 1156 2411 1223 Aristaenet.
2445 1180 2507 1244 p.
2539 1173 2695 1242 497.

992 1260 1100 1324 ubi
1143 1260 1223 1324 ad
1274 1258 1606 1324 Plotiniani
1650 1258 1769 1323 loci
1812 1259 2280 1325 similitudinem
2328 1261 2464 1325 haec
2507 1261 2700 1326 verba

989 1364 1249 1451 propius
1303 1361 1611 1427 accedunt
1665 1363 1876 1427 Severi
1928 1362 1992 1427 in
2056 1365 2297 1428 Catena
2343 1386 2443 1450 ap.
2494 1363 2694 1429 Wolf.

988 1465 1282 1530 Anecdd.
1326 1465 1477 1530 Grr.
1511 1465 1633 1528 IV.
1667 1488 1733 1553 p.
1767 1482 1847 1550 57
1880 1491 1894 1529 :
1936 1466 2062 1545 ἥτις
2100 1470 2197 1531 διὸ
2237 1471 2340 1546 τῆς
2383 1466 2691 1531 ἀτοπωτά-

987 1595 1090 1648 της
1119 1567 1369 1650 ὀρέξεως
1411 1567 1599 1631 οἱονεὶ
1642 1568 2167 1649 συλλαμβάνουσα
2203 1570 2297 1633 καὶ
2334 1572 2558 1634 κύουσα
2585 1569 2694 1648 τὴν

986 1675 1200 1752 πρᾶξιν
1247 1673 1349 1748 τῆς
1397 1670 1684 1750 ἁμαρτίας
1736 1670 2059 1735 ἀποτίκτει.
2151 1670 2274 1735 Cui
2323 1669 2461 1734 loco
2516 1670 2694 1733 adhi-

985 1772 1194 1837 benda
1248 1786 1417 1848 sunt,
1462 1794 1609 1857 quae
1658 1770 1840 1836 docte
1889 1771 2236 1859 disputavit
2293 1773 2533 1860 Georg.
2578 1774 2694 1836 Jo-

986 1875 1164 1962 seph.
1213 1872 1538 1938 Bekkerus
1580 1896 1759 1938 meus
1802 1874 1866 1938 in
1912 1875 2179 1963 Specim.
2211 1875 2273 1940 in
2323 1874 2689 1940 Philostrati

986 1977 1193 2042 Vitam
1226 1974 1549 2062 Apollonii
1577 2000 1645 2064 p.
1692 1997 1710 2040 ῐ
1726 1997 1784 2061 7.
1818 2001 1957 2065 sqq.
2050 1981 2348 2043 Ceterum
2395 1977 2690 2064 sophisti-

983 2103 1197 2145 carum
1244 2079 1692 2166 elegantiarum
1739 2080 2057 2145 studiosus
2100 2081 2368 2168 scriptor
2410 2080 2688 2168 scripsis-

984 2200 1115 2249 set:
1166 2184 1335 2250 θεοὺς
1392 2182 1810 2265 συλλήπτορας
1861 2184 2412 2265 γίγνεσθαι-πρὸς
2468 2183 2689 2247 ἀκολά-

983 2312 1161 2354 στους
1188 2285 1548 2368 συλλήψεις.
1639 2284 1763 2349 Sed
1808 2284 1890 2349 ab
1930 2284 2364 2373 hujuscemodi
2393 2282 2687 2363 flosculis,

982 2387 1218 2473 quibus
1247 2386 1506 2473 Gorgioe
1540 2385 1801 2466 alumni,
1835 2400 1907 2449 ut
1944 2386 2196 2473 Agatho
2225 2386 2343 2450 hoc
2372 2385 2623 2450 nomine
2651 2408 2691 2449 a

985 2493 1239 2556 Socrate
1274 2488 1539 2567 derisuS‚
1583 2489 2078 2569 delectabantur,
2124 2488 2351 2553 Plotini
2395 2487 2689 2552 severitas

981 2592 1337 2681 longissime
1382 2593 1702 2657 abhorret.
1793 2591 2090 2657 Proxime
2123 2591 2204 2656 ad
2246 2591 2441 2656 verba
2482 2590 2685 2671 Δήμη-

981 2722 1118 2777 τρος
1148 2698 1245 2761 καὶ
1270 2694 1520 2762 Ἑστίας
1547 2695 1782 2759 confer.
1816 2709 2031 2759 annot.
2062 2694 2141 2759 ad
2177 2717 2237 2780 p.
2267 2714 2421 2778 419.
2452 2695 2529 2759 C.

1067 2820 1130 2884 p.
1165 2798 1314 2880 788,
1355 2816 1451 2862 12.
1482 2795 1828 2879 Ῥητορείαν
1849 2800 1915 2861 δὲ
1935 2799 2030 2862 καὶ
2050 2798 2340 2877 μουσικὴν
2359 2797 2455 2860 καὶ
2483 2801 2690 2860 πᾶσαν

982 2901 1406 2983 ψυχαγωγίαν,
1453 2897 1490 2979 ἢ
1519 2899 1666 2980 πρὸς
1708 2899 1777 2962 τὸ
1820 2898 2072 2978 βέλτιον
2107 2898 2145 2978 ἢ
2188 2898 2333 2981 πρὸς
2370 2898 2438 2961 τὸ
2479 2903 2688 2982 χεῖρον

982 3001 1155 3082 ἄγειν
1201 3000 1621 3088 mamaeam]
1669 3000 2041 3066 Extremum
2090 2999 2351 3064 verbum
2409 2998 2498 3065 ita
2552 3021 2689 3062 ver-

983 3100 1059 3165 tit
1091 3101 1227 3165 Fic.
1255 3126 1269 3165 :
1322 3109 1366 3141 ‘⁶
1389 3124 1535 3188 quae
1563 3101 1955 3189 potissimum
1985 3100 2148 3166 inter
2177 3125 2241 3166 se
2270 3101 2687 3188 discrepant.”

985 3205 1279 3269 Fortasse
1318 3204 1455 3269 haec
1506 3204 1811 3270 sententia
1853 3219 1988 3269 est:
2038 3213 2080 3245 “
2111 3227 2180 3271 eo
2228 3206 2394 3292 quod
2433 3206 2686 3269 diverso

984 3310 1158 3374 modo
1186 3310 1509 3375 hominum
1538 3312 1787 3375 animos
1826 3311 2134 3397 qfficiunt,
2167 3311 2267 3373 vel
2291 3310 2456 3397 quod
2496 3310 2687 3373 aliter

976 3420 1162 3500 atque
1204 3413 1411 3478 adhuc
1452 3415 1662 3501 afficti
1706 3422 1892 3477 erant
1932 3413 2159 3491 animi,
2192 3433 2293 3475 eos
2334 3413 2681 3497 afficiunt.”

981 3517 1281 3582 Ceterum
1326 3518 1462 3582 haec
1515 3516 1871 3582 Plotiniana
1910 3531 1974 3580 et
2014 3514 2218 3579 verbis
2260 3529 2326 3578 et
2364 3513 2683 3578 sententiis

980 3618 1260 3685 Platonis
1304 3619 1628 3685 alumnum
1673 3632 1969 3706 arguunt.
2063 3619 2171 3682 Tu
2213 3616 2344 3680 vid.
2399 3602 2683 3680 Platonis

980 3723 1284 3811 Gorgiam
1315 3746 1378 3810 p.
1410 3741 1563 3810 453.
1597 3746 1734 3810 sqq.
1766 3722 1848 3786 cf.
1886 3720 2185 3785 Aristidis
2218 3720 2394 3784 Orat.
2430 3718 2678 3783 Platon.

979 3824 1038 3887 1.
1068 3847 1131 3911 p.
1157 3840 1264 3908 47.
1317 3827 1492 3890 Sext.
1524 3825 1774 3913 Empir.
1803 3825 1905 3889 11.
1932 3842 1995 3888 2.
2019 3847 2084 3910 p.
2113 3823 2262 3888 288.
2308 3821 2681 3900 Quintilian.

982 3928 1141 3990 Inst.
1187 3930 1363 3992 Orat.
1414 3929 1517 3993 11.
1558 3948 1653 4013 15.
1686 3949 1751 4007 4.
1798 3927 1984 3992 Plato
2025 3926 2107 3991 de
2152 3924 2434 4013 Republ.
2481 3927 2586 3989 II.
2617 3947 2680 4012 p.

975 4032 1124 4114 365.
1155 4044 1316 4093 extr.
1343 4080 1357 4092 .
1409 4030 1526 4092 είσὶ
1555 4031 1620 4093 δὲ
1647 4033 1887 4095 πειθοῦς
1924 4027 2292 4102 διδάσκαλοι,
2326 4031 2554 4111 σοφίαν
2583 4033 2681 4107 δη-

973 4131 1298 4213 μηγορικήν
1326 4156 1392 4195 τε
1424 4131 1518 4194 καὶ
1548 4135 1848 4210 δικανικὴν
1877 4132 2156 4198 διδόντες.
2246 4131 2411 4195 Nam
2442 4132 2479 4209 ἡ
2507 4132 2678 4211 ῥητο-

974 4236 1108 4315 ρεία
1129 4249 1193 4297 et
1219 4235 1257 4314 ἡ
1287 4235 1613 4316 δημηγορία
1642 4254 1807 4320 saepe
1836 4255 1953 4319 pro
1977 4232 2345 4320 'synonymis
2373 4254 2681 4318 usurpan-

978 4352 1104 4414 tur,
1133 4358 1248 4400 nec
1276 4333 1487 4399 minus
1513 4336 1551 4416 ἦ
1573 4336 1918 4418 σοφιστεία.
1964 4333 2161 4399 Diod.
2187 4333 2308 4398 Sic.
2339 4334 2510 4398 XX.
2543 4332 2676 4396 init.

976 4439 1248 4526 Diogen.
1294 4439 1504 4502 Laert.
1541 4438 1640 4502 11.
1678 4457 1781 4504 20.
1852 4434 2129 4502 Consule
2182 4437 2335 4501 Chr.
2382 4435 2675 4523 Theoph.

973 4540 1226 4607 Ernesti
1260 4540 1540 4604 Lexicon
1566 4539 1872 4605 Technol.
1903 4542 2113 4607 Graec.
2143 4540 2397 4605 Rhetor.
2429 4562 2494 4626 p.
2517 4558 2670 4625 300.

970 4668 1065 4731 sq.
1093 4644 1367 4730 Kruger.
1397 4642 1479 4706 ad
1511 4641 1776 4730 Dionys..
1812 4642 2022 4709 Halic.
2058 4642 2574 4731 Historiograph.
2606 4665 2672 4729 p.

968 4747 1119 4831 518.
1208 4744 1385 4809 Hinc
1410 4746 1751 4827 ῥητορεύειν
1778 4758 1843 4809 et
1883 4748 2160 4829 ῥητορεία
2198 4746 2385 4811 etiam
2424 4743 2673 4809 futilem

966 4864 1029 4912 et
1086 4846 1404 4935 garrulam
1465 4847 2036 4912 sermocinationem
2097 4848 2443 4935 designant.
2519 4846 2664 4912 vid.

968 4949 1235 5015 Dorvill.
1264 4949 1345 5014 ad
1387 4949 1713 5014 Chariton.
1750 4973 1813 5037 p.
1845 4967 1996 5034 507.
2027 4949 2129 5015 ed.
2161 4950 2335 5036 Lips.
2366 4963 2429 5013 et
2472 4949 2553 5013 cf.
2590 4950 2664 5013 C.

967 5055 1077 5118 Fr.
1134 5053 1485 5116 Hermann.
1534 5051 1615 5115 ad
1674 5052 1938 5117 Lucian.
1970 5052 2050 5116 de
2089 5074 2327 5116 conscr.
2384 5051 2554 5115 Hist.
2601 5075 2666 5138 p.

972 5159 1106 5221 162.
1201 5154 1302 5218 Ad
1362 5154 1531 5218 vocis
1588 5158 1956 5239 ψυχαγωγία
2013 5154 2140 5218 vim
2199 5152 2664 5240 intelligendam

962 5257 1214 5322 consule
1246 5259 1572 5321 Platonem
1604 5256 1685 5320 de
1716 5258 1921 5344 Legg.
1943 5257 2024 5321 X.
2059 5280 2125 5344 p.
2151 5257 2300 5341 908.
2325 5271 2485 5321 extr.
2515 5275 2662 5341 909.

966 5366 1053 5425 A.
1086 5378 1149 5426 et
1181 5361 1346 5426 Astii
1378 5360 1735 5424 animadvv.
1771 5360 1833 5424 in
1857 5383 2000 5425 eum
2034 5359 2239 5424 locum
2273 5383 2337 5447 p.
2364 5376 2514 5446 505.

1045 5485 1110 5548 Ρ.
1138 5480 1285 5548 790,
1319 5483 1380 5547 9.
1426 5470 1661 5545 πρῶτον
1688 5464 1890 5527 τοίνυν
1920 5461 2131 5527 θετέον
2162 5468 2310 5538 ζῶον
2340 5463 2408 5527 ἐν
2440 5462 2663 5547 κ.τ.λ.]

1970 471 2803 537 ANNOTATIONES

2871 470 2983 534 IN
3049 470 3501 535 PLOTINI

2783 643 2911 706 His
2939 642 3093 707 nihil
3121 642 3266 707 novi
3296 642 3652 729 argumenti
3687 641 3838 707 addi
3875 665 3915 706 a
3958 641 4211 707 Plotino
4239 642 4489 729 judicat

2790 746 3205 810 Tiedemann.
3240 745 3339 809 in:
3392 746 3573 811 Geist
3594 746 3709 809 der
3734 746 4174 832 spekulativen
4204 746 4489 812 Philoso-

2769 849 2925 936 phie
2956 848 3103 912 111.
3135 870 3204 935 p.
3235 848 3383 932 289.
3477 850 3640 927 Quae
3680 846 3976 935 deinceps
4002 865 4383 935 sequuntur,
4412 874 4488 915 ea

2783 973 2927 1016 cum
2975 950 3322 1015 Stoicorum
3377 949 3772 1036 aliorumque
3812 950 4239 1037 antiquiorum
4286 952 4488 1039 philo-

2782 1053 3120 1138 sophorum
3176 1051 3440 1117 decretis
3473 1067 3797 1140 comparat
3838 1052 4019 1117 Idem
4052 1052 4207 1117 ibid.
4239 1077 4302 1141 p.
4333 1057 4485 1141 326.

2870 1283 2933 1346 p.
2967 1277 3117 1343 791,
3157 1277 3210 1321 1.
3260 1260 3572 1338 Συμπαθὲς
3600 1257 3671 1335 δὴ
3691 1260 3816 1320 πᾶν
3836 1261 4009 1321 τοῦτο
4031 1257 4100 1321 τὸ
4127 1258 4247 1348 ἔν.]
4301 1258 4479 1323 Idem

2784 1379 3226 1449 argumentum
3258 1375 3484 1427 tractat
3524 1359 3914 1426 lamblichus
3942 1361 4023 1425 de
4055 1363 4328 1449 Myster.
4364 1364 4479 1427 IV.

2788 1467 2847 1530 8.
2880 1489 2947 1553 p.
2984 1485 3146 1546 1123
3191 1463 3364 1529 unde
3393 1464 3528 1529 haec
3554 1485 3844 1551 appono:
3894 1464 3991 1527 καὶ
4020 1468 4165 1543 δῆτα
4209 1466 4342 1545 (καὶ
4368 1464 4480 1529 ad-

2780 1569 2876 1633 dit
2924 1569 3086 1634 Cod.
3141 1568 3447 1653 vindob.)
3497 1570 3582 1634 είς
3622 1570 3698 1630 τὰ
3742 1564 3891 1647 μέρη
3939 1565 4177 1645 καθήκει
4226 1568 4482 1647 (καθίκει

2780 1671 2980 1755 idem)
3012 1697 3099 1738 τις
3130 1671 3464 1754 (ἐνέργεια)
3499 1669 3617 1734 ἀπὸ
3656 1675 3775 1733 τῶν
3814 1671 3996 1743 ὅλων,
4027 1670 4065 1748 ἡ
4100 1671 4213 1749 μὲν
4250 1695 4483 1749 συμπα-

2781 1777 2885 1855 θὴς
2915 1773 3041 1840 καθ’
3082 1777 3399 1855 ὁμοιότητα
3434 1780 3554 1838 τῶν
3581 1773 3907 1853 δυνάμεων,
3943 1775 3982 1854 ἡ
4024 1776 4090 1838 δὲ
4122 1772 4243 1838 κατ’
4286 1776 4481 1854 ἐπιτη-

2779 1880 3049 1958 δειότητα
3090 1882 3197 1941 τοῦ
3232 1882 3543 1943 ποιοῦντος
3581 1876 3730 1958 πρὸς
3764 1876 3833 1939 τὸ
3877 1875 4121 1959 πάσχον
4164 1878 4481 1955 πολυειδὴς

2774 1981 3029 2060 ποίησις.
3079 1982 3134 2043 εἰ
3178 1981 3291 2059 μὲν
3338 1980 3445 2043 οὖν
3493 1978 3722 2061 (Goth.
3767 1980 4024 2043 Monac.
4059 1976 4329 2044 vindob.
4377 1980 4472 2044 οὗ·

2778 2088 2945 2165 κοῧν)
2979 2089 3337 2163 σωματικαῖς
3370 2081 3656 2165 ἀνάγκαις
3693 2083 4015 2161 συμβαίνει
4053 2084 4189 2145 τινὰ
4229 2081 4366 2163 περὶ
4404 2084 4479 2145 τὰ

2773 2185 2921 2267 μέρη
2952 2189 3101 2249 κακὰ
3133 2187 3228 2249 καὶ
3254 2184 3519 2267 ὀλέθρια·
3566 2185 3644 2252 ὧς
3669 2186 3783 2264 μὲν
3811 2183 3958 2265 πρὸς
3986 2187 4063 2248 τὰ
4091 2186 4211 2248 ὅλα
4244 2184 4340 2247 καὶ
4370 2185 4478 2263 τὴν

2776 2289 3066 2369 ἁρμονίαν
3094 2291 3201 2351 τοῦ
3227 2287 3448 2354 παντὸς
3486 2288 3635 2351 ὄντα
3673 2285 3934 2368 σωτήρια
3974 2288 4071 2350 καὶ
4108 2288 4327 2368 ἀγαθὰ,
4357 2291 4481 2352 τοῖς

2776 2389 2845 2454 δέ
2877 2390 3125 2473 μέρεσιν
3169 2390 3502 2472 ἀναγκαίαν
3543 2392 3779 2471 φθορὰν
3809 2388 4136 2470 ἐπάγονται
4167 2389 4381 2470 (Mon.
4414 2403 4479 2452 et

2782 2493 2961 2557 Leid.
2998 2491 3207 2556 Codd.
3238 2494 3460 2574 φορὰν.
3507 2490 3785 2555 vindob.
3813 2493 4148 2573 ἀναγκαίαν
4167 2495 4303 2556 τινὰ
4330 2496 4480 2572 φθο-

2773 2600 2888 2677 ρᾶν
2933 2596 3279 2678 ἐπάγονται.
3368 2592 3564 2658 Adde
3605 2591 4007 2680 participium
4055 2593 4360 2676 ἐπάγοντα
4401 2616 4479 2657 ex

2777 2697 2975 2763 Goth.
3005 2715 3068 2762 et
3100 2699 3358 2762 Monac.
3386 2710 3452 2761 et
3477 2695 3673 2760 habes
3703 2717 3911 2759 veram
3944 2694 4299 2779 lectionem)
4330 2695 4367 2775 ἢ
4395 2701 4476 2784 τῷ

2774 2800 2854 2879 μὴ
2885 2801 3177 2864 δύνασθαι
3198 2797 3410 2880 φέρειν
3438 2800 3545 2864 τὰς
3569 2803 3688 2861 τόν
3706 2799 3870 2861 ὅλων
3898 2798 4222 2880 ἐνεργείας,
4253 2795 4290 2875 ἢ
4319 2798 4478 2875 ἄλλῃ

2772 2903 2889 2966 τινὶ
2920 2903 3192 2981 συμμίξει
3222 2902 3320 2965 καὶ
3350 2900 3558 2982 κράσει
3591 2903 3692 2979 τῆς
3729 2900 3840 2981 ἀφ’
3872 2901 4098 2963 ἑαυτῶν
4140 2900 4473 2971 ἀσθενείας,

2770 3001 2809 3082 ἦ
2837 3004 2906 3067 τὸ
2936 3006 3137 3085 τρίτον
3161 3005 3530 3087 ἀσυμμετρία
3555 3008 3673 3066 τῶν
3699 3007 3896 3084 μερῶν
3924 3000 4074 3082 πρὸς
4101 3002 4366 3081 ἄλληλα.

2858 3144 2948 3157 -
2984 3127 3010 3171 1
3030 3127 3080 3170 1.
3131 3108 3227 3171 καὶ
3261 3108 3332 3170 οὗ
3368 3108 3665 3188 προσηνὲς
3702 3105 3770 3169 τὸ
3812 3104 4056 3187 πάσχον
4083 3104 4281 3192 ἴσχει]
4330 3103 4472 3167 Vid.

2773 3231 2965 3296 supra
2994 3233 3056 3298 p.
3091 3213 3198 3294 38.
3234 3211 3313 3274 B.
3347 3231 3412 3296 p.
3442 3226 3545 3293 52.
3585 3210 3671 3271 Ε.
3714 3223 3779 3271 et
3822 3207 3904 3271 cf.
3936 3206 4374 3294 Olympiodor.
4405 3206 4469 3270 in

2775 3312 2987 3379 Alcib.
3020 3337 3115 3402 pr.
3146 3337 3210 3401 p.
3247 3312 3571 3379 Ι22.-διὸ
3597 3314 3692 3377 καὶ
3714 3312 3849 3378 τοὺς
3876 3317 4197 3392 προσηνεῖς
4216 3311 4356 3390 ἡμῖν
4377 3312 4472 3374 καὶ

2771 3417 2969 3498 ἀγαθὰ
3010 3418 3150 3496 ἡμῖν
3202 3415 3489 3481 θέλοντας
3535 3416 3739 3481 εὔνους
3782 3414 3922 3493 ἡμῖν
3967 3411 4472 3495 <panem—Quod

2770 3518 3053 3604 proxime
3100 3518 3161 3582 in
3201 3517 3444 3604 aliquot
3479 3516 3653 3581 libris
3697 3515 3966 3603 legitur:
4017 3516 4148 3580 ἐπεὶ
4187 3517 4284 3580 καὶ
4310 3516 4472 3599 χολὴ

2771 3623 2867 3685 καὶ
2895 3622 3153 3701 ὠθισμὸς
3180 3619 3609 3695 ἄλλο-πιέζει
3638 3621 3734 3684 καὶ
3764 3625 3975 3692 κεντεῖ,
4007 3618 4304 3683 admonet
4330 3617 4471 3682 haec

2767 3722 2951 3788 lectio
2995 3746 3237 3799 eorum,
3283 3745 3431 3809 quae
3473 3744 3666 3809 supra
3705 3744 3772 3808 p.
3810 3740 3952 3805 205.
4000 3722 4083 3786 F.
4131 3721 4464 3808 leguntur:

2768 3825 2905 3889 οὐδὲ
2937 3826 3156 3904 ἔξωθεν
3181 3823 3503 3901 πιέζουσαν
3542 3827 3625 3891 εἰς
3651 3825 3719 3887 τὸ
3752 3827 3894 3889 εἴσω
3925 3825 4121 3898 ὠθεῖν,
4169 3823 4276 3888 ubi
4317 3846 4465 3888 con-

2768 3927 2865 3992 fer
2891 3940 3102 3992 annot.
3193 3929 3491 3992 Ceterum
3533 3925 3789 4013 plurimi
3824 3926 4030 3991 Codd.
4059 3926 4253 3991 nostri
4293 3926 4472 3991 item-

2770 4053 2897 4115 que
2926 4029 3053 4094 bini
3086 4031 3308 4094 Veneti
3339 4029 3512 4116 apud
3543 4029 3865 4093 Villoison.
3895 4027 3959 4092 in
3991 4028 4281 4093 Anecdd.
4315 4030 4463 4095 Grr.

2767 4133 2859 4196 11.
2894 4155 2957 4220 p.
2993 4133 3141 4198 228.
3171 4132 3567 4196 consentiunt
3608 4131 3673 4195 in
3714 4130 3977 4195 lectione
4016 4134 4049 4195 ὁ
4084 4131 4288 4212 θυμὸς,
4318 4155 4464 4218 quae

2765 4234 2949 4298 etiam
2983 4234 3284 4322 proximis
3313 4234 3520 4298 verbis
3546 4234 3973 4299 confirmatur.

2854 4360 2918 4424 p.
2952 4356 3100 4422 794,
3133 4339 3188 4401 8.
3239 4340 3333 4402 καὶ
3372 4342 3478 4406 τὰς
3513 4340 3833 4421 διαφόρους
3874 4338 4066 4402 αὐτῶν
4095 4336 4294 4406 θέσεις
4323 4339 4461 4402 ἑπό-

2765 4465 2919 4519 μενα
2949 4442 3045 4505 καὶ
3087 4446 3163 4506 τὰ
3200 4444 3381 4515 ἄλλα,
3416 4442 3492 4507 ὣς
3523 4442 3670 4516 ζῶου
3716 4441 3851 4507 ἑνὸς
3895 4438 4241 4519 κινουμένου
4278 4439 4459 4521 παρέ-

2764 4545 3037 4631 χεσθαι·]
3085 4543 3373 4609 Eandem
3404 4542 3734 4629 imaginem
3765 4541 4107 4607 saltationis
4132 4541 4215 4606 ad
4247 4541 4468 4606 mundi

2760 4661 3001 4711 motum
3047 4647 3417 4711 concinnum
3465 4645 3909 4709 declarandum
3954 4667 4147 4731 supra
4172 4644 4467 4709 adhibuit

2762 4748 3157 4838 Lycopolites
3202 4747 3612 4836 philosophus
3650 4770 3714 4834 p.
3750 4751 3894 4830 267.
3930 4749 4014 4812 E.
4039 4749 4120 4811 F.
4147 4747 4232 4811 cf.
4273 4747 4460 4811 etiam

2761 4876 2824 4939 p.
2858 4868 3005 4937 372.
3037 4853 3114 4915 B.
3138 4854 3215 4916 C.
3247 4865 3312 4914 et
3340 4874 3486 4936 quoe
3514 4850 3601 4913 ibi
3629 4848 3943 4913 annotavi.
4035 4847 4291 4913 Etenim
4324 4849 4464 4912 uni-

2756 4954 2915 5018 versi
2945 4954 3138 5041 hujus
3165 4952 3280 5017 loci
3328 4967 3391 5017 et
3432 4952 3725 5016 similium
3767 4952 3910 5015 fons
3946 4965 4041 5014 est
4080 4950 4142 5014 in
4178 4949 4461 5016 Platonis

2758 5057 3006 5121 Timaeo
3036 5080 3100 5143 p.
3124 5076 3234 5140 30.
3266 5070 3423 5119 extr.
3456 5078 3519 5140 p.
3544 5056 3649 5120 26.
3680 5078 3775 5141 sq.
3801 5051 4006 5117 Bekk.
4031 5077 4044 5116 :
4093 5057 4174 5139 τῷ
4204 5057 4321 5135 γὰρ
4341 5060 4463 5119 τῶν

2758 5159 3094 5239 νοουμένων
3125 5159 3429 5243 καλλίστῳ
3463 5158 3559 5221 καὶ
3589 5160 3737 5220 κατὰ
3761 5156 3961 5220 πάντα
3994 5154 4184 5240 τελέω
4210 5156 4453 5235 μάλιστ’

2756 5260 2937 5325 αὐτὸν
2968 5260 3104 5340 (τὸν
3135 5262 3391 5343 κόσμον)
3426 5262 3459 5322 ὁ
3490 5259 3624 5327 θεὸς
3653 5261 3942 5339 ὁμοιῶσαι
3962 5261 4285 5338 βουληθεὶς
4309 5266 4462 5335 ζῶον

2755 5363 2824 5427 ἐν
2851 5363 3087 5444 ὁρατὸν,
3109 5360 3283 5426 πάνθ’
3317 5363 3438 5425 ὅσα
3466 5361 3648 5425 αὐτοῦ
3665 5364 3814 5424 κατὰ
3842 5362 4031 5443 φύσιν
4053 5365 4312 5442 ξυγγενῆ
4339 5368 4459 5438 (aa

2753 5463 2920 5532 ἐντὸς
2967 5464 3113 5547 ἔχον
3166 5465 3396 5537 ἑαυτοῦ,
3442 5462 3790 5542 ξυνέστησε.
3868 5462 4188 5550 Diogenes
4242 5465 4449 5528 baert.
