<?xml version="1.0" encoding="UTF-8"?>
<!DOCTYPE html PUBLIC "-//W3C//DTD XHTML 1.0 Transitional//EN"
    "http://www.w3.org/TR/xhtml1/DTD/xhtml1-transitional.dtd">
<html xmlns="http://www.w3.org/1999/xhtml" xml:lang="en" lang="en">
 <head>
  <title>
</title>
<meta http-equiv="Content-Type" content="text/html;charset=utf-8" />
  <meta name='ocr-system' content='tesseract 3.04.00' />
  <meta name='ocr-capabilities' content='ocr_page ocr_carea ocr_par ocr_line ocrx_word'/>
</head>
<body>
  <div class='ocr_page' id='page_1' title='image "./plotinioperaomn00chumgoog_0028.png"; bbox 0 0 5118 6613; ppageno 0'>
   <div class='ocr_carea' id='block_1_1' title="bbox 1005 560 1084 610">
    <p class='ocr_par' dir='ltr' id='par_1_1' title="bbox 1005 560 1084 610">
     <span class='ocr_line' id='line_1_1' title="bbox 1005 560 1084 610; baseline -0.025 0"><span class='ocrx_word' id='word_1_1' title='bbox 1005 560 1084 610; x_wconf 86' lang='lat'><strong>22</strong></span> 
     </span>
    </p>
   </div>
   <div class='ocr_carea' id='block_1_2' title="bbox 997 705 2693 5622">
    <p class='ocr_par' dir='ltr' id='par_1_2' title="bbox 997 705 2686 3050">
     <span class='ocr_line' id='line_1_2' title="bbox 1000 705 2681 798; baseline -0.006 -19"><span class='ocrx_word' id='word_1_2' title='bbox 1000 714 1203 793; x_wconf 80' lang='lat' dir='ltr'><strong>beata,</strong></span> <span class='ocrx_word' id='word_1_3' title='bbox 1231 710 1605 798; x_wconf 80' lang='lat' dir='ltr'><strong>quibuscum</strong></span> <span class='ocrx_word' id='word_1_4' title='bbox 1640 707 1758 772; x_wconf 87' lang='lat' dir='ltr'><strong>bac</strong></span> <span class='ocrx_word' id='word_1_5' title='bbox 1784 706 1849 770; x_wconf 90' lang='lat' dir='ltr'><strong>in</strong></span> <span class='ocrx_word' id='word_1_6' title='bbox 1878 729 1945 771; x_wconf 89' lang='lat' dir='ltr'><strong>re</strong></span> <span class='ocrx_word' id='word_1_7' title='bbox 1973 705 2492 772; x_wconf 79' lang='lat' dir='ltr'><strong>Academicorum</strong></span> <span class='ocrx_word' id='word_1_8' title='bbox 2534 729 2681 793; x_wconf 85' lang='lat' dir='ltr'><strong>pars</strong></span> 
     </span>
     <span class='ocr_line' id='line_1_3' title="bbox 998 808 2679 903; baseline -0.005 -22"><span class='ocrx_word' id='word_1_9' title='bbox 998 829 1063 881; x_wconf 91' lang='lat' dir='ltr'><strong>et</strong></span> <span class='ocrx_word' id='word_1_10' title='bbox 1091 814 1634 903; x_wconf 82' lang='lat' dir='ltr'><strong>Pythagoreorum</strong></span> <span class='ocrx_word' id='word_1_11' title='bbox 1662 809 1947 875; x_wconf 74' lang='lat' dir='ltr'><strong>faciebat.</strong></span> <span class='ocrx_word' id='word_1_12' title='bbox 2036 811 2180 875; x_wconf 85' lang='lat' dir='ltr'><strong>Hos</strong></span> <span class='ocrx_word' id='word_1_13' title='bbox 2221 808 2395 896; x_wconf 92' lang='lat' dir='ltr'><strong>quod</strong></span> <span class='ocrx_word' id='word_1_14' title='bbox 2436 808 2679 888; x_wconf 81' lang='lat' dir='ltr'><strong>attinet,</strong></span> 
     </span>
     <span class='ocr_line' id='line_1_4' title="bbox 997 909 2683 1004; baseline -0.004 -22"><span class='ocrx_word' id='word_1_15' title='bbox 997 917 1141 984; x_wconf 85' lang='lat' dir='ltr'><strong>vide</strong></span> <span class='ocrx_word' id='word_1_16' title='bbox 1170 940 1232 980; x_wconf 82' lang='lat' dir='ltr'><strong>v.</strong></span> <span class='ocrx_word' id='word_1_17' title='bbox 1250 939 1302 981; x_wconf 94' lang='lat' dir='ltr'><strong>c.</strong></span> <span class='ocrx_word' id='word_1_18' title='bbox 1333 913 1640 1004; x_wconf 85' lang='lat' dir='ltr'><strong>Archytae</strong></span> <span class='ocrx_word' id='word_1_19' title='bbox 1680 912 1846 977; x_wconf 88' lang='lat' dir='ltr'><strong>locos</strong></span> <span class='ocrx_word' id='word_1_20' title='bbox 1887 910 2058 1000; x_wconf 88' lang='lat' dir='ltr'><strong>apud</strong></span> <span class='ocrx_word' id='word_1_21' title='bbox 2091 911 2414 977; x_wconf 84' lang='lat' dir='ltr'><strong>Stobaeum</strong></span> <span class='ocrx_word' id='word_1_22' title='bbox 2441 910 2507 975; x_wconf 91' lang='grc'><strong>10</strong></span> <span class='ocrx_word' id='word_1_23' title='bbox 2536 909 2683 976; x_wconf 89' lang='lat' dir='ltr'><strong>Flo-</strong></span> 
     </span>
     <span class='ocr_line' id='line_1_5' title="bbox 997 1012 2677 1102; baseline -0.005 -16"><span class='ocrx_word' id='word_1_24' title='bbox 997 1020 1097 1085; x_wconf 86' lang='lat' dir='ltr'><strong>ril.</strong></span> <span class='ocrx_word' id='word_1_25' title='bbox 1128 1019 1262 1085; x_wconf 87' lang='lat' dir='ltr'><strong>Tit.</strong></span> <span class='ocrx_word' id='word_1_26' title='bbox 1296 1018 1352 1082; x_wconf 99' lang='grc' dir='ltr'><strong>Ι.</strong></span> <span class='ocrx_word' id='word_1_27' title='bbox 1383 1017 1654 1102; x_wconf 89' lang='grc'><strong>70-81.</strong></span> <span class='ocrx_word' id='word_1_28' title='bbox 1686 1014 1809 1080; x_wconf 85' lang='lat' dir='ltr'><strong>vol.</strong></span> <span class='ocrx_word' id='word_1_29' title='bbox 1841 1016 1900 1081; x_wconf 92' lang='lat'><strong>1.</strong></span> <span class='ocrx_word' id='word_1_30' title='bbox 1938 1037 2004 1102; x_wconf 90' lang='lat' dir='ltr'><strong>p.</strong></span> <span class='ocrx_word' id='word_1_31' title='bbox 2036 1016 2310 1100; x_wconf 85' lang='lat'><strong>38—47.</strong></span> <span class='ocrx_word' id='word_1_32' title='bbox 2357 1012 2677 1079; x_wconf 85' lang='lat' dir='ltr'><strong>Gaisford.</strong></span> 
     </span>
     <span class='ocr_line' id='line_1_6' title="bbox 1000 1116 2680 1203; baseline -0.005 -15"><span class='ocrx_word' id='word_1_33' title='bbox 1000 1124 1103 1188; x_wconf 91' lang='lat' dir='ltr'><strong>De</strong></span> <span class='ocrx_word' id='word_1_34' title='bbox 1131 1117 1525 1186; x_wconf 87' lang='lat' dir='ltr'><strong>Academicis</strong></span> <span class='ocrx_word' id='word_1_35' title='bbox 1551 1117 1680 1183; x_wconf 85' lang='lat' dir='ltr'><strong>vid.</strong></span> <span class='ocrx_word' id='word_1_36' title='bbox 1706 1117 1925 1183; x_wconf 87' lang='lat' dir='ltr'><strong>Cicero</strong></span> <span class='ocrx_word' id='word_1_37' title='bbox 1954 1116 2187 1183; x_wconf 83' lang='lat' dir='ltr'><strong>Acadd.</strong></span> <span class='ocrx_word' id='word_1_38' title='bbox 2222 1117 2319 1181; x_wconf 95' lang='grc' dir='ltr'><strong>ΙΙ.</strong></span> <span class='ocrx_word' id='word_1_39' title='bbox 2354 1117 2537 1203; x_wconf 91' lang='lat' dir='ltr'><strong>(IV.)</strong></span> <span class='ocrx_word' id='word_1_40' title='bbox 2569 1135 2680 1199; x_wconf 84' lang='lat'><strong>42.</strong></span> 
     </span>
     <span class='ocr_line' id='line_1_7' title="bbox 1003 1219 2684 1311; baseline -0.002 -23"><span class='ocrx_word' id='word_1_41' title='bbox 1003 1228 1063 1311; x_wconf 64' lang='grc' dir='ltr'><strong>ξ.</strong></span> <span class='ocrx_word' id='word_1_42' title='bbox 1081 1244 1218 1310; x_wconf 90' lang='grc'><strong>131.</strong></span> <span class='ocrx_word' id='word_1_43' title='bbox 1238 1225 1319 1288; x_wconf 90' lang='grc' dir='ltr'><strong>Ε.</strong></span> <span class='ocrx_word' id='word_1_44' title='bbox 1352 1221 1780 1309; x_wconf 80' lang='lat' dir='ltr'><strong>Peripateticis</strong></span> <span class='ocrx_word' id='word_1_45' title='bbox 1799 1220 2006 1285; x_wconf 91' lang='lat' dir='ltr'><strong>locum</strong></span> <span class='ocrx_word' id='word_1_46' title='bbox 2035 1219 2399 1307; x_wconf 91' lang='lat' dir='ltr'><strong>primarium</strong></span> <span class='ocrx_word' id='word_1_47' title='bbox 2427 1234 2684 1307; x_wconf 64' lang='lat' dir='ltr'><strong>praestat</strong></span> 
     </span>
     <span class='ocr_line' id='line_1_8' title="bbox 999 1323 2683 1415; baseline -0.002 -24"><span class='ocrx_word' id='word_1_48' title='bbox 999 1327 1132 1415; x_wconf 87' lang='lat' dir='ltr'><strong>ipse</strong></span> <span class='ocrx_word' id='word_1_49' title='bbox 1161 1323 1528 1390; x_wconf 87' lang='lat' dir='ltr'><strong>Aristoteles</strong></span> <span class='ocrx_word' id='word_1_50' title='bbox 1553 1324 1619 1389; x_wconf 91' lang='lat' dir='ltr'><strong>in</strong></span> <span class='ocrx_word' id='word_1_51' title='bbox 1649 1323 1803 1388; x_wconf 88' lang='lat' dir='ltr'><strong>Eth.</strong></span> <span class='ocrx_word' id='word_1_52' title='bbox 1836 1323 2084 1389; x_wconf 87' lang='lat' dir='ltr'><strong>Nicom.</strong></span> <span class='ocrx_word' id='word_1_53' title='bbox 2113 1323 2269 1388; x_wconf 88' lang='lat' dir='ltr'><strong>VII.</strong></span> <span class='ocrx_word' id='word_1_54' title='bbox 2290 1342 2387 1408; x_wconf 85' lang='lat'><strong>13.</strong></span> <span class='ocrx_word' id='word_1_55' title='bbox 2454 1324 2683 1387; x_wconf 84' lang='lat' dir='ltr'><strong>Sextus</strong></span> 
     </span>
     <span class='ocr_line' id='line_1_9' title="bbox 1000 1425 2686 1517; baseline -0.004 -21"><span class='ocrx_word' id='word_1_56' title='bbox 1000 1428 1244 1517; x_wconf 88' lang='lat' dir='ltr'><strong>Empir.</strong></span> <span class='ocrx_word' id='word_1_57' title='bbox 1267 1427 1578 1516; x_wconf 87' lang='lat' dir='ltr'><strong>Pyrrhon.</strong></span> <span class='ocrx_word' id='word_1_58' title='bbox 1600 1429 1936 1515; x_wconf 91' lang='lat' dir='ltr'><strong>Hypotyp.</strong></span> <span class='ocrx_word' id='word_1_59' title='bbox 1965 1426 2101 1490; x_wconf 94' lang='lat' dir='ltr'><strong>III.</strong></span> <span class='ocrx_word' id='word_1_60' title='bbox 2131 1425 2270 1490; x_wconf 84' lang='lat'><strong>180.</strong></span> <span class='ocrx_word' id='word_1_61' title='bbox 2302 1448 2368 1513; x_wconf 89' lang='lat' dir='ltr'><strong>p.</strong></span> <span class='ocrx_word' id='word_1_62' title='bbox 2397 1442 2535 1509; x_wconf 91' lang='lat'>171.</span> <span class='ocrx_word' id='word_1_63' title='bbox 2570 1426 2686 1490; x_wconf 82' lang='lat' dir='ltr'><strong>Fa·-</strong></span> 
     </span>
     <span class='ocr_line' id='line_1_10' title="bbox 1000 1527 2679 1613; baseline -0.004 -15"><span class='ocrx_word' id='word_1_64' title='bbox 1000 1531 1155 1599; x_wconf 86' lang='lat' dir='ltr'><strong>bric.</strong></span> <span class='ocrx_word' id='word_1_65' title='bbox 1184 1537 1301 1595; x_wconf 83' lang='grc' dir='ltr'>τῶν</span> <span class='ocrx_word' id='word_1_66' title='bbox 1328 1532 1687 1613; x_wconf 85' lang='grc' dir='ltr'>φιλοσόφων</span> <span class='ocrx_word' id='word_1_67' title='bbox 1711 1531 1866 1597; x_wconf 76' lang='grc' dir='ltr'>τινὲς</span> <span class='ocrx_word' id='word_1_68' title='bbox 1896 1530 2009 1609; x_wconf 74' lang='grc' dir='ltr'>μὲν</span> <span class='ocrx_word' id='word_1_69' title='bbox 2034 1529 2166 1611; x_wconf 83' lang='grc' dir='ltr'>τρία</span> <span class='ocrx_word' id='word_1_70' title='bbox 2204 1527 2350 1612; x_wconf 97' lang='grc' dir='ltr'>γένη</span> <span class='ocrx_word' id='word_1_71' title='bbox 2379 1529 2570 1611; x_wconf 80' lang='grc' dir='ltr'>φασὶν</span> <span class='ocrx_word' id='word_1_72' title='bbox 2599 1527 2679 1592; x_wconf 76' lang='grc' dir='ltr'>εἴ·</span> 
     </span>
     <span class='ocr_line' id='line_1_11' title="bbox 1002 1632 2685 1718; baseline -0.004 -17"><span class='ocrx_word' id='word_1_73' title='bbox 1002 1661 1100 1701; x_wconf 90' lang='grc' dir='ltr'><strong>ναι</strong></span> <span class='ocrx_word' id='word_1_74' title='bbox 1128 1637 1385 1718; x_wconf 76' lang='grc' dir='ltr'>ἀγαθῶν·</span> <span class='ocrx_word' id='word_1_75' title='bbox 1416 1636 1493 1701; x_wconf 75' lang='grc' dir='ltr'><strong>ὥς</strong></span> <span class='ocrx_word' id='word_1_76' title='bbox 1519 1635 1576 1697; x_wconf 74' lang='grc' dir='ltr'>οἱ</span> <span class='ocrx_word' id='word_1_77' title='bbox 1597 1632 2066 1714; x_wconf 83' lang='grc' dir='ltr'>Περιπατητικοί·</span> <span class='ocrx_word' id='word_1_78' title='bbox 2096 1632 2318 1696; x_wconf 74' lang='grc' dir='ltr'>τούτων</span> <span class='ocrx_word' id='word_1_79' title='bbox 2337 1633 2453 1713; x_wconf 74' lang='grc' dir='ltr'><strong>γὰρ</strong></span> <span class='ocrx_word' id='word_1_80' title='bbox 2472 1633 2547 1694; x_wconf 80' lang='grc' dir='ltr'>τᾶ</span> <span class='ocrx_word' id='word_1_81' title='bbox 2573 1632 2685 1710; x_wconf 70' lang='grc' dir='ltr'>μὲν</span> 
     </span>
     <span class='ocr_line' id='line_1_12' title="bbox 1003 1732 2684 1820; baseline -0.004 -17"><span class='ocrx_word' id='word_1_82' title='bbox 1003 1736 1155 1803; x_wconf 76' lang='grc' dir='ltr'>εἶναι</span> <span class='ocrx_word' id='word_1_83' title='bbox 1194 1737 1329 1818; x_wconf 87' lang='grc' dir='ltr'>περὶ</span> <span class='ocrx_word' id='word_1_84' title='bbox 1374 1736 1603 1820; x_wconf 80' lang='grc' dir='ltr'>ψυχὴν,</span> <span class='ocrx_word' id='word_1_85' title='bbox 1649 1737 1725 1803; x_wconf 78' lang='grc' dir='ltr'><strong>ὥς</strong></span> <span class='ocrx_word' id='word_1_86' title='bbox 1768 1739 1871 1802; x_wconf 79' lang='grc' dir='ltr'><strong>τὰς</strong></span> <span class='ocrx_word' id='word_1_87' title='bbox 1919 1733 2152 1816; x_wconf 56' lang='grc' dir='ltr'>ἀρετάν</span> <span class='ocrx_word' id='word_1_88' title='bbox 2201 1736 2277 1799; x_wconf 71' lang='grc' dir='ltr'><strong>τὰ</strong></span> <span class='ocrx_word' id='word_1_89' title='bbox 2324 1735 2388 1797; x_wconf 74' lang='grc' dir='ltr'><strong>δὲ</strong></span> <span class='ocrx_word' id='word_1_90' title='bbox 2438 1733 2574 1815; x_wconf 84' lang='grc' dir='ltr'>περὶ</span> <span class='ocrx_word' id='word_1_91' title='bbox 2617 1732 2684 1797; x_wconf 82' lang='grc' dir='ltr'><strong>τὸ</strong></span> 
     </span>
     <span class='ocr_line' id='line_1_13' title="bbox 1004 1835 2683 1922; baseline 0 -19"><span class='ocrx_word' id='word_1_92' title='bbox 1004 1845 1194 1920; x_wconf 76' lang='grc' dir='ltr'>σῶμα,</span> <span class='ocrx_word' id='word_1_93' title='bbox 1235 1839 1311 1906; x_wconf 67' lang='grc' dir='ltr'><strong>ὥς</strong></span> <span class='ocrx_word' id='word_1_94' title='bbox 1352 1841 1582 1922; x_wconf 72' lang='grc' dir='ltr'>ὑγίειαν</span> <span class='ocrx_word' id='word_1_95' title='bbox 1625 1839 1721 1902; x_wconf 87' lang='grc' dir='ltr'>καὶ</span> <span class='ocrx_word' id='word_1_96' title='bbox 1763 1840 1838 1901; x_wconf 71' lang='grc' dir='ltr'><strong>τὰ</strong></span> <span class='ocrx_word' id='word_1_97' title='bbox 1885 1838 2100 1901; x_wconf 78' lang='grc' dir='ltr'>εἰκότα·</span> <span class='ocrx_word' id='word_1_98' title='bbox 2153 1838 2228 1900; x_wconf 75' lang='grc' dir='ltr'><strong>τὰ</strong></span> <span class='ocrx_word' id='word_1_99' title='bbox 2270 1837 2334 1900; x_wconf 74' lang='grc' dir='ltr'><strong>δὲ</strong></span> <span class='ocrx_word' id='word_1_100' title='bbox 2383 1835 2569 1914; x_wconf 77' lang='grc' dir='ltr'>ἐκτὸς,</span> <span class='ocrx_word' id='word_1_101' title='bbox 2606 1836 2683 1903; x_wconf 84' lang='grc' dir='ltr'><strong>ὦς</strong></span> 
     </span>
     <span class='ocr_line' id='line_1_14' title="bbox 1002 1936 2682 2025; baseline -0.003 -19"><span class='ocrx_word' id='word_1_102' title='bbox 1002 1943 1235 2025; x_wconf 75' lang='grc' dir='ltr'>φίλους,</span> <span class='ocrx_word' id='word_1_103' title='bbox 1282 1945 1561 2016; x_wconf 80' lang='grc' dir='ltr'>πλοῦτον,</span> <span class='ocrx_word' id='word_1_104' title='bbox 1607 1943 1682 2005; x_wconf 75' lang='grc' dir='ltr'><strong>τὸ</strong></span> <span class='ocrx_word' id='word_1_105' title='bbox 1722 1938 2128 2022; x_wconf 84' lang='grc' dir='ltr'>παραπλήσια.</span> <span class='ocrx_word' id='word_1_106' title='bbox 2215 1936 2397 2002; x_wconf 86' lang='lat' dir='ltr'><strong>Adde</strong></span> <span class='ocrx_word' id='word_1_107' title='bbox 2449 1937 2682 2003; x_wconf 87' lang='lat' dir='ltr'><strong>Stobaei</strong></span> 
     </span>
     <span class='ocr_line' id='line_1_15' title="bbox 1003 2040 2680 2132; baseline -0.003 -23"><span class='ocrx_word' id='word_1_108' title='bbox 1003 2043 1270 2132; x_wconf 83' lang='lat' dir='ltr'><strong>Eclogg.</strong></span> <span class='ocrx_word' id='word_1_109' title='bbox 1302 2044 1401 2108; x_wconf 93' lang='grc' dir='ltr'><strong>ΙΙ.</strong></span> <span class='ocrx_word' id='word_1_110' title='bbox 1433 2058 1495 2127; x_wconf 88' lang='lat'><strong>7.</strong></span> <span class='ocrx_word' id='word_1_111' title='bbox 1559 2044 1854 2107; x_wconf 88' lang='lat' dir='ltr'><strong>Ceterum</strong></span> <span class='ocrx_word' id='word_1_112' title='bbox 1897 2043 2172 2124; x_wconf 69' lang='grc' dir='ltr'>ἀλγηδὼν</span> <span class='ocrx_word' id='word_1_113' title='bbox 2215 2040 2557 2128; x_wconf 65' lang='lat' dir='ltr'><strong>praesertim</strong></span> <span class='ocrx_word' id='word_1_114' title='bbox 2599 2040 2680 2105; x_wconf 86' lang='lat' dir='ltr'><strong>ab</strong></span> 
     </span>
     <span class='ocr_line' id='line_1_16' title="bbox 1004 2146 2681 2235; baseline -0.003 -23"><span class='ocrx_word' id='word_1_115' title='bbox 1004 2146 1284 2235; x_wconf 85' lang='lat' dir='ltr'><strong>Epicuro</strong></span> <span class='ocrx_word' id='word_1_116' title='bbox 1325 2146 1809 2233; x_wconf 84' lang='lat' dir='ltr'><strong>frequentatum,</strong></span> <span class='ocrx_word' id='word_1_117' title='bbox 1837 2159 1911 2209; x_wconf 92' lang='lat' dir='ltr'><strong>ut</strong></span> <span class='ocrx_word' id='word_1_118' title='bbox 1953 2146 2185 2227; x_wconf 77' lang='grc' dir='ltr'>ἀλγεῖν,</span> <span class='ocrx_word' id='word_1_119' title='bbox 2229 2166 2432 2230; x_wconf 91' lang='lat' dir='ltr'><strong>neque</strong></span> <span class='ocrx_word' id='word_1_120' title='bbox 2476 2155 2681 2208; x_wconf 90' lang='lat' dir='ltr'><strong>tamen</strong></span> 
     </span>
     <span class='ocr_line' id='line_1_17' title="bbox 1007 2245 2681 2337; baseline -0.004 -21"><span class='ocrx_word' id='word_1_121' title='bbox 1007 2249 1333 2316; x_wconf 81' lang='lat' dir='ltr'><strong>Socraticis</strong></span> <span class='ocrx_word' id='word_1_122' title='bbox 1372 2248 1678 2337; x_wconf 85' lang='lat' dir='ltr'><strong>ignotum.</strong></span> <span class='ocrx_word' id='word_1_123' title='bbox 1766 2245 2067 2335; x_wconf 89' lang='lat' dir='ltr'><strong>Xenoph.</strong></span> <span class='ocrx_word' id='word_1_124' title='bbox 2113 2247 2379 2310; x_wconf 88' lang='lat' dir='ltr'><strong>Memor.</strong></span> <span class='ocrx_word' id='word_1_125' title='bbox 2429 2245 2490 2310; x_wconf 94' lang='grc' dir='ltr'><strong>Ι.</strong></span> <span class='ocrx_word' id='word_1_126' title='bbox 2523 2265 2586 2311; x_wconf 96' lang='grc'><strong>2.</strong></span> <span class='ocrx_word' id='word_1_127' title='bbox 2614 2265 2681 2332; x_wconf 83' lang='lat'><strong>5.</strong></span> 
     </span>
     <span class='ocr_line' id='line_1_18' title="bbox 1003 2348 2682 2438; baseline -0.003 -21"><span class='ocrx_word' id='word_1_128' title='bbox 1003 2353 1166 2418; x_wconf 86' lang='lat' dir='ltr'><strong>Plat.</strong></span> <span class='ocrx_word' id='word_1_129' title='bbox 1210 2352 1274 2417; x_wconf 89' lang='lat' dir='ltr'><strong>in</strong></span> <span class='ocrx_word' id='word_1_130' title='bbox 1321 2350 1568 2416; x_wconf 91' lang='lat' dir='ltr'><strong>Phileb.</strong></span> <span class='ocrx_word' id='word_1_131' title='bbox 1610 2374 1679 2438; x_wconf 91' lang='lat' dir='ltr'><strong>p.</strong></span> <span class='ocrx_word' id='word_1_132' title='bbox 1708 2367 1818 2431; x_wconf 83' lang='lat'><strong>42.</strong></span> <span class='ocrx_word' id='word_1_133' title='bbox 1864 2372 1928 2438; x_wconf 92' lang='lat' dir='ltr'><strong>p.</strong></span> <span class='ocrx_word' id='word_1_134' title='bbox 1969 2350 2107 2415; x_wconf 85' lang='lat'><strong>126.</strong></span> <span class='ocrx_word' id='word_1_135' title='bbox 2165 2348 2387 2413; x_wconf 86' lang='lat' dir='ltr'><strong>Stallb.</strong></span> <span class='ocrx_word' id='word_1_136' title='bbox 2422 2350 2682 2436; x_wconf 85' lang='lat' dir='ltr'><strong>Menag.</strong></span> 
     </span>
     <span class='ocr_line' id='line_1_19' title="bbox 1002 2450 2684 2543; baseline -0.003 -22"><span class='ocrx_word' id='word_1_137' title='bbox 1002 2455 1085 2520; x_wconf 87' lang='lat' dir='ltr'><strong>ad</strong></span> <span class='ocrx_word' id='word_1_138' title='bbox 1127 2455 1317 2543; x_wconf 89' lang='lat' dir='ltr'><strong>Diog.</strong></span> <span class='ocrx_word' id='word_1_139' title='bbox 1351 2454 1560 2519; x_wconf 65' lang='lat' dir='ltr'><strong>Laert.</strong></span> <span class='ocrx_word' id='word_1_140' title='bbox 1594 2454 1689 2517; x_wconf 92' lang='lat' dir='ltr'><strong>X.</strong></span> <span class='ocrx_word' id='word_1_141' title='bbox 1736 2458 1793 2540; x_wconf 53' lang='grc' dir='ltr'><strong>ᾗ.</strong></span> <span class='ocrx_word' id='word_1_142' title='bbox 1832 2472 1972 2537; x_wconf 89' lang='grc'><strong>139.</strong></span> <span class='ocrx_word' id='word_1_143' title='bbox 2020 2450 2290 2538; x_wconf 86' lang='lat' dir='ltr'><strong>indeque</strong></span> <span class='ocrx_word' id='word_1_144' title='bbox 2340 2450 2455 2516; x_wconf 91' lang='lat' dir='ltr'><strong>hac</strong></span> <span class='ocrx_word' id='word_1_145' title='bbox 2497 2450 2561 2516; x_wconf 90' lang='lat' dir='ltr'><strong>in</strong></span> <span class='ocrx_word' id='word_1_146' title='bbox 2617 2474 2684 2516; x_wconf 91' lang='lat' dir='ltr'><strong>re</strong></span> 
     </span>
     <span class='ocr_line' id='line_1_20' title="bbox 1002 2553 2680 2646; baseline -0.003 -23"><span class='ocrx_word' id='word_1_147' title='bbox 1002 2555 1383 2646; x_wconf 84' lang='lat' dir='ltr'><strong>designanda</strong></span> <span class='ocrx_word' id='word_1_148' title='bbox 1409 2555 1699 2621; x_wconf 90' lang='lat' dir='ltr'><strong>solemne.</strong></span> <span class='ocrx_word' id='word_1_149' title='bbox 1790 2554 1976 2619; x_wconf 87' lang='lat' dir='ltr'><strong>Locis</strong></span> <span class='ocrx_word' id='word_1_150' title='bbox 2011 2554 2078 2618; x_wconf 90' lang='lat' dir='ltr'><strong>in</strong></span> <span class='ocrx_word' id='word_1_151' title='bbox 2109 2554 2435 2618; x_wconf 82' lang='lat' dir='ltr'><strong>Thesauro</strong></span> <span class='ocrx_word' id='word_1_152' title='bbox 2464 2553 2680 2642; x_wconf 86' lang='lat' dir='ltr'><strong>Steph.</strong></span> 
     </span>
     <span class='ocr_line' id='line_1_21' title="bbox 1003 2655 2683 2744; baseline -0.003 -20"><span class='ocrx_word' id='word_1_153' title='bbox 1003 2659 1270 2726; x_wconf 91' lang='lat' dir='ltr'><strong>laudatis</strong></span> <span class='ocrx_word' id='word_1_154' title='bbox 1295 2658 1459 2724; x_wconf 86' lang='lat' dir='ltr'><strong>adde</strong></span> <span class='ocrx_word' id='word_1_155' title='bbox 1484 2656 1797 2723; x_wconf 87' lang='lat' dir='ltr'><strong>Theodor.</strong></span> <span class='ocrx_word' id='word_1_156' title='bbox 1830 2657 2112 2721; x_wconf 89' lang='lat' dir='ltr'><strong>Metoch.</strong></span> <span class='ocrx_word' id='word_1_157' title='bbox 2145 2655 2412 2721; x_wconf 89' lang='lat' dir='ltr'><strong>Miscell.</strong></span> <span class='ocrx_word' id='word_1_158' title='bbox 2442 2679 2507 2744; x_wconf 91' lang='lat' dir='ltr'><strong>p.</strong></span> <span class='ocrx_word' id='word_1_159' title='bbox 2537 2675 2683 2723; x_wconf 89' lang='grc'><strong>212.</strong></span> 
     </span>
     <span class='ocr_line' id='line_1_22' title="bbox 1008 2757 2684 2846; baseline -0.004 -17"><span class='ocrx_word' id='word_1_160' title='bbox 1008 2763 1153 2845; x_wconf 86' lang='grc'><strong>246.</strong></span> <span class='ocrx_word' id='word_1_161' title='bbox 1188 2762 1331 2846; x_wconf 85' lang='grc'><strong>276.</strong></span> <span class='ocrx_word' id='word_1_162' title='bbox 1364 2760 1507 2841; x_wconf 89' lang='grc'><strong>284.</strong></span> <span class='ocrx_word' id='word_1_163' title='bbox 1537 2761 1687 2846; x_wconf 84' lang='grc'><strong>365.</strong></span> <span class='ocrx_word' id='word_1_164' title='bbox 1769 2757 1969 2823; x_wconf 88' lang='lat' dir='ltr'><strong>Procl.</strong></span> <span class='ocrx_word' id='word_1_165' title='bbox 1997 2758 2061 2822; x_wconf 91' lang='lat' dir='ltr'><strong>in</strong></span> <span class='ocrx_word' id='word_1_166' title='bbox 2092 2757 2292 2823; x_wconf 91' lang='lat' dir='ltr'><strong>Alcib.</strong></span> <span class='ocrx_word' id='word_1_167' title='bbox 2337 2780 2403 2845; x_wconf 90' lang='lat' dir='ltr'><strong>p.</strong></span> <span class='ocrx_word' id='word_1_168' title='bbox 2430 2759 2538 2843; x_wconf 88' lang='lat'><strong>58.</strong></span> <span class='ocrx_word' id='word_1_169' title='bbox 2583 2759 2684 2823; x_wconf 92' lang='lat' dir='ltr'><strong>ed.</strong></span> 
     </span>
     <span class='ocr_line' id='line_1_23' title="bbox 1004 2861 2683 2945; baseline -0.002 -17"><span class='ocrx_word' id='word_1_170' title='bbox 1004 2879 1192 2930; x_wconf 86' lang='lat' dir='ltr'><strong>nostr.</strong></span> <span class='ocrx_word' id='word_1_171' title='bbox 1226 2866 1426 2944; x_wconf 81' lang='grc' dir='ltr'>ὥσπερ</span> <span class='ocrx_word' id='word_1_172' title='bbox 1453 2865 1568 2945; x_wconf 70' lang='grc' dir='ltr'><strong>γὰρ</strong></span> <span class='ocrx_word' id='word_1_173' title='bbox 1595 2861 1742 2944; x_wconf 83' lang='grc' dir='ltr'>πρὸς</span> <span class='ocrx_word' id='word_1_174' title='bbox 1766 2864 1870 2930; x_wconf 81' lang='grc' dir='ltr'><strong>τᾶς</strong></span> <span class='ocrx_word' id='word_1_175' title='bbox 1895 2861 2109 2941; x_wconf 73' lang='grc' dir='ltr'>ἡδονὰς</span> <span class='ocrx_word' id='word_1_176' title='bbox 2145 2863 2550 2941; x_wconf 76' lang='grc' dir='ltr'>γυμναζόμεθα</span> <span class='ocrx_word' id='word_1_177' title='bbox 2588 2861 2683 2925; x_wconf 86' lang='grc' dir='ltr'>καὶ</span> 
     </span>
     <span class='ocr_line' id='line_1_24' title="bbox 1004 2966 1662 3050; baseline -0.008 -18"><span class='ocrx_word' id='word_1_178' title='bbox 1004 2967 1150 3050; x_wconf 83' lang='grc' dir='ltr'>πρὸς</span> <span class='ocrx_word' id='word_1_179' title='bbox 1177 2970 1280 3034; x_wconf 75' lang='grc' dir='ltr'><strong>τὸς</strong></span> <span class='ocrx_word' id='word_1_180' title='bbox 1309 2966 1662 3050; x_wconf 76' lang='grc' dir='ltr'>ἀλγηδόνας.</span> 
     </span>
    </p>

    <p class='ocr_par' dir='ltr' id='par_1_3' title="bbox 1003 3064 2688 4800">
     <span class='ocr_line' id='line_1_25' title="bbox 1090 3064 2678 3157; baseline 0 -24"><span class='ocrx_word' id='word_1_181' title='bbox 1090 3091 1156 3157; x_wconf 91' lang='lat' dir='ltr'><strong>p.</strong></span> <span class='ocrx_word' id='word_1_182' title='bbox 1175 3070 1281 3155; x_wconf 89' lang='grc'><strong>63,</strong></span> <span class='ocrx_word' id='word_1_183' title='bbox 1322 3084 1419 3153; x_wconf 83' lang='lat'><strong>15.</strong></span> <span class='ocrx_word' id='word_1_184' title='bbox 1447 3069 1551 3134; x_wconf 81' lang='grc' dir='ltr'><strong>τάς</strong></span> <span class='ocrx_word' id='word_1_185' title='bbox 1577 3064 2090 3148; x_wconf 84' lang='grc' dir='ltr'>πολυθρυλλήτους</span> <span class='ocrx_word' id='word_1_186' title='bbox 2118 3069 2444 3147; x_wconf 79' lang='grc' dir='ltr'>Πριαμικᾶς</span> <span class='ocrx_word' id='word_1_187' title='bbox 2468 3066 2678 3154; x_wconf 75' lang='grc' dir='ltr'>τύχας]</span> 
     </span>
     <span class='ocr_line' id='line_1_26' title="bbox 1008 3167 2684 3257; baseline -0.004 -19"><span class='ocrx_word' id='word_1_188' title='bbox 1008 3172 1295 3237; x_wconf 78' lang='lat' dir='ltr'><strong>Priamus</strong></span> <span class='ocrx_word' id='word_1_189' title='bbox 1320 3170 1384 3234; x_wconf 92' lang='lat' dir='ltr'><strong>in</strong></span> <span class='ocrx_word' id='word_1_190' title='bbox 1414 3167 1688 3257; x_wconf 90' lang='lat' dir='ltr'><strong>personis</strong></span> <span class='ocrx_word' id='word_1_191' title='bbox 1718 3167 1985 3255; x_wconf 80' lang='lat' dir='ltr'><strong>tragicis,</strong></span> <span class='ocrx_word' id='word_1_192' title='bbox 2005 3167 2197 3256; x_wconf 90' lang='lat' dir='ltr'><strong>inque</strong></span> <span class='ocrx_word' id='word_1_193' title='bbox 2222 3167 2408 3233; x_wconf 88' lang='lat' dir='ltr'><strong>rebus</strong></span> <span class='ocrx_word' id='word_1_194' title='bbox 2436 3168 2684 3233; x_wconf 85' lang='lat' dir='ltr'><strong>scenicis</strong></span> 
     </span>
     <span class='ocr_line' id='line_1_27' title="bbox 1003 3269 2680 3363; baseline -0.002 -22"><span class='ocrx_word' id='word_1_195' title='bbox 1003 3275 1457 3363; x_wconf 85' lang='lat' dir='ltr'><strong>frequentatus.</strong></span> <span class='ocrx_word' id='word_1_196' title='bbox 1543 3270 1825 3360; x_wconf 88' lang='lat' dir='ltr'><strong>Hesych.</strong></span> <span class='ocrx_word' id='word_1_197' title='bbox 1859 3271 1961 3336; x_wconf 95' lang='grc' dir='ltr'><strong>ΙΙ.</strong></span> <span class='ocrx_word' id='word_1_198' title='bbox 1997 3290 2180 3337; x_wconf 90' lang='grc'><strong>1020.</strong></span> <span class='ocrx_word' id='word_1_199' title='bbox 2226 3270 2373 3358; x_wconf 91' lang='lat' dir='ltr'><strong>ibiq.</strong></span> <span class='ocrx_word' id='word_1_200' title='bbox 2407 3269 2680 3337; x_wconf 84' lang='lat' dir='ltr'><strong>Alberti.</strong></span> 
     </span>
     <span class='ocr_line' id='line_1_28' title="bbox 1009 3372 2682 3462; baseline -0.002 -18"><span class='ocrx_word' id='word_1_201' title='bbox 1009 3378 1135 3444; x_wconf 88' lang='lat' dir='ltr'><strong>Sed</strong></span> <span class='ocrx_word' id='word_1_202' title='bbox 1164 3377 1450 3443; x_wconf 88' lang='lat' dir='ltr'><strong>Plotinus</strong></span> <span class='ocrx_word' id='word_1_203' title='bbox 1477 3372 1869 3439; x_wconf 81' lang='lat' dir='ltr'><strong>Aristotelem</strong></span> <span class='ocrx_word' id='word_1_204' title='bbox 1911 3373 2181 3462; x_wconf 85' lang='lat' dir='ltr'><strong>respicit,</strong></span> <span class='ocrx_word' id='word_1_205' title='bbox 2208 3374 2317 3461; x_wconf 91' lang='lat' dir='ltr'><strong>qui</strong></span> <span class='ocrx_word' id='word_1_206' title='bbox 2360 3374 2425 3438; x_wconf 93' lang='lat' dir='ltr'><strong>in</strong></span> <span class='ocrx_word' id='word_1_207' title='bbox 2469 3373 2682 3440; x_wconf 88' lang='lat' dir='ltr'><strong>Ethic.</strong></span> 
     </span>
     <span class='ocr_line' id='line_1_29' title="bbox 1007 3475 2684 3560; baseline -0.002 -14"><span class='ocrx_word' id='word_1_208' title='bbox 1007 3482 1253 3547; x_wconf 89' lang='lat' dir='ltr'><strong>Nicom.</strong></span> <span class='ocrx_word' id='word_1_209' title='bbox 1279 3481 1335 3544; x_wconf 94' lang='lat' dir='ltr'><strong>I.</strong></span> <span class='ocrx_word' id='word_1_210' title='bbox 1367 3498 1466 3543; x_wconf 92' lang='lat'><strong>10.</strong></span> <span class='ocrx_word' id='word_1_211' title='bbox 1495 3497 1597 3560; x_wconf 89' lang='lat'><strong>14.</strong></span> <span class='ocrx_word' id='word_1_212' title='bbox 1625 3477 1748 3541; x_wconf 87' lang='lat' dir='ltr'><strong>ita:</strong></span> <span class='ocrx_word' id='word_1_213' title='bbox 1798 3480 1851 3542; x_wconf 77' lang='grc' dir='ltr'>εἰ</span> <span class='ocrx_word' id='word_1_214' title='bbox 1878 3475 1926 3541; x_wconf 86' lang='grc' dir='ltr'><strong>δ’</strong></span> <span class='ocrx_word' id='word_1_215' title='bbox 1959 3479 2161 3557; x_wconf 82' lang='grc' dir='ltr'>οὕτως,</span> <span class='ocrx_word' id='word_1_216' title='bbox 2193 3478 2396 3545; x_wconf 78' lang='grc' dir='ltr'>ἄθλιος</span> <span class='ocrx_word' id='word_1_217' title='bbox 2437 3479 2549 3557; x_wconf 73' lang='grc' dir='ltr'>μὲν</span> <span class='ocrx_word' id='word_1_218' title='bbox 2587 3477 2684 3542; x_wconf 76' lang='grc' dir='ltr'>οὔ·</span> 
     </span>
     <span class='ocr_line' id='line_1_30' title="bbox 1007 3579 2682 3666; baseline -0.003 -16"><span class='ocrx_word' id='word_1_219' title='bbox 1007 3584 1216 3649; x_wconf 81' lang='grc' dir='ltr'>δέποτε</span> <span class='ocrx_word' id='word_1_220' title='bbox 1256 3579 1468 3666; x_wconf 86' lang='grc' dir='ltr'>γένοιτ’</span> <span class='ocrx_word' id='word_1_221' title='bbox 1500 3580 1576 3645; x_wconf 78' lang='grc' dir='ltr'>ἀν</span> <span class='ocrx_word' id='word_1_222' title='bbox 1604 3581 1637 3645; x_wconf 83' lang='grc' dir='ltr'><strong><em>ὅ</em></strong></span> <span class='ocrx_word' id='word_1_223' title='bbox 1680 3580 1986 3660; x_wconf 72' lang='grc' dir='ltr'>εὐδαίμων.</span> <span class='ocrx_word' id='word_1_224' title='bbox 2025 3580 2095 3643; x_wconf 78' lang='grc' dir='ltr'>οὗ</span> <span class='ocrx_word' id='word_1_225' title='bbox 2129 3580 2246 3661; x_wconf 77' lang='grc' dir='ltr'>μὴν</span> <span class='ocrx_word' id='word_1_226' title='bbox 2272 3579 2551 3662; x_wconf 79' lang='grc' dir='ltr'>μακάριός</span> <span class='ocrx_word' id='word_1_227' title='bbox 2588 3606 2682 3663; x_wconf 86' lang='grc' dir='ltr'>γε,</span> 
     </span>
     <span class='ocr_line' id='line_1_31' title="bbox 1006 3680 2682 3768; baseline -0.003 -16"><span class='ocrx_word' id='word_1_228' title='bbox 1006 3687 1082 3752; x_wconf 80' lang='grc' dir='ltr'>ἀν</span> <span class='ocrx_word' id='word_1_229' title='bbox 1125 3689 1474 3768; x_wconf 77' lang='grc' dir='ltr'>Πριαμικαῖς</span> <span class='ocrx_word' id='word_1_230' title='bbox 1516 3685 1722 3767; x_wconf 72' lang='grc' dir='ltr'>τύχαις</span> <span class='ocrx_word' id='word_1_231' title='bbox 1763 3682 2071 3765; x_wconf 77' lang='grc' dir='ltr'><strong>περιπέσῃ.</strong></span> <span class='ocrx_word' id='word_1_232' title='bbox 2160 3682 2250 3747; x_wconf 86' lang='grc' dir='ltr'><strong>Ε1</strong></span> <span class='ocrx_word' id='word_1_233' title='bbox 2294 3680 2451 3746; x_wconf 88' lang='grc'><strong>1111111</strong></span> <span class='ocrx_word' id='word_1_234' title='bbox 2497 3690 2682 3748; x_wconf 88' lang='grc' dir='ltr'>πολυ-</span> 
     </span>
     <span class='ocr_line' id='line_1_32' title="bbox 1006 3784 2687 3874; baseline -0.003 -20"><span class='ocrx_word' id='word_1_235' title='bbox 1006 3788 1366 3872; x_wconf 86' lang='grc' dir='ltr'>θρυλλήτους</span> <span class='ocrx_word' id='word_1_236' title='bbox 1406 3786 1553 3852; x_wconf 84' lang='grc'><strong>88118</strong></span> <span class='ocrx_word' id='word_1_237' title='bbox 1595 3784 1827 3874; x_wconf 85' lang='lat' dir='ltr'><strong>arguit,</strong></span> <span class='ocrx_word' id='word_1_238' title='bbox 1873 3784 2100 3849; x_wconf 88' lang='lat' dir='ltr'><strong>Priami</strong></span> <span class='ocrx_word' id='word_1_239' title='bbox 2144 3784 2273 3850; x_wconf 87' lang='lat' dir='ltr'><strong>fata</strong></span> <span class='ocrx_word' id='word_1_240' title='bbox 2314 3807 2438 3849; x_wconf 90' lang='lat' dir='ltr'><strong>non</strong></span> <span class='ocrx_word' id='word_1_241' title='bbox 2480 3784 2687 3850; x_wconf 88' lang='lat' dir='ltr'><strong>minus</strong></span> 
     </span>
     <span class='ocr_line' id='line_1_33' title="bbox 1008 3885 2685 3975; baseline -0.002 -18"><span class='ocrx_word' id='word_1_242' title='bbox 1008 3912 1396 3957; x_wconf 88' lang='lat' dir='ltr'><strong>communem</strong></span> <span class='ocrx_word' id='word_1_243' title='bbox 1449 3888 1655 3954; x_wconf 92' lang='lat' dir='ltr'><strong>locum</strong></span> <span class='ocrx_word' id='word_1_244' title='bbox 1709 3887 1898 3953; x_wconf 86' lang='lat' dir='ltr'><strong>fuisse</strong></span> <span class='ocrx_word' id='word_1_245' title='bbox 1944 3887 2011 3952; x_wconf 92' lang='lat' dir='ltr'><strong>in</strong></span> <span class='ocrx_word' id='word_1_246' title='bbox 2059 3885 2231 3952; x_wconf 88' lang='lat' dir='ltr'><strong>libris</strong></span> <span class='ocrx_word' id='word_1_247' title='bbox 2285 3886 2685 3975; x_wconf 90' lang='lat' dir='ltr'><strong>philosopho·</strong></span> 
     </span>
     <span class='ocr_line' id='line_1_34' title="bbox 1006 3989 2683 4079; baseline -0.002 -21"><span class='ocrx_word' id='word_1_248' title='bbox 1006 4016 1169 4070; x_wconf 89' lang='lat' dir='ltr'><strong>rum,</strong></span> <span class='ocrx_word' id='word_1_249' title='bbox 1220 4014 1409 4079; x_wconf 92' lang='lat' dir='ltr'><strong>quam</strong></span> <span class='ocrx_word' id='word_1_250' title='bbox 1465 3989 1814 4055; x_wconf 89' lang='lat' dir='ltr'><strong>Phalaridis</strong></span> <span class='ocrx_word' id='word_1_251' title='bbox 1863 4002 2136 4070; x_wconf 90' lang='lat' dir='ltr'><strong>taurum,</strong></span> <span class='ocrx_word' id='word_1_252' title='bbox 2189 3989 2270 4056; x_wconf 93' lang='lat' dir='ltr'><strong>de</strong></span> <span class='ocrx_word' id='word_1_253' title='bbox 2320 4013 2449 4078; x_wconf 91' lang='lat' dir='ltr'><strong>quo</strong></span> <span class='ocrx_word' id='word_1_254' title='bbox 2498 3990 2683 4057; x_wconf 89' lang='lat' dir='ltr'><strong>infra.</strong></span> 
     </span>
     <span class='ocr_line' id='line_1_35' title="bbox 1008 4091 2688 4183; baseline -0.001 -24"><span class='ocrx_word' id='word_1_255' title='bbox 1008 4096 1398 4183; x_wconf 86' lang='lat' dir='ltr'><strong>Argumento</strong></span> <span class='ocrx_word' id='word_1_256' title='bbox 1435 4115 1686 4181; x_wconf 90' lang='lat' dir='ltr'><strong>quoque</strong></span> <span class='ocrx_word' id='word_1_257' title='bbox 1730 4106 1823 4158; x_wconf 87' lang='lat' dir='ltr'><strong>est</strong></span> <span class='ocrx_word' id='word_1_258' title='bbox 1863 4091 2175 4158; x_wconf 87' lang='lat' dir='ltr'><strong>Ciceronis</strong></span> <span class='ocrx_word' id='word_1_259' title='bbox 2217 4091 2389 4158; x_wconf 91' lang='lat' dir='ltr'><strong>locus</strong></span> <span class='ocrx_word' id='word_1_260' title='bbox 2431 4093 2512 4158; x_wconf 90' lang='lat' dir='ltr'><strong>de</strong></span> <span class='ocrx_word' id='word_1_261' title='bbox 2550 4093 2688 4158; x_wconf 91' lang='lat' dir='ltr'><strong>Pri-</strong></span> 
     </span>
     <span class='ocr_line' id='line_1_36' title="bbox 1008 4194 2686 4283; baseline -0.001 -20"><span class='ocrx_word' id='word_1_262' title='bbox 1008 4198 1131 4263; x_wconf 87' lang='lat' dir='ltr'><strong>ami</strong></span> <span class='ocrx_word' id='word_1_263' title='bbox 1170 4195 1483 4276; x_wconf 86' lang='lat' dir='ltr'><strong>extremis,</strong></span> <span class='ocrx_word' id='word_1_264' title='bbox 1530 4195 1642 4283; x_wconf 92' lang='lat' dir='ltr'><strong>qui</strong></span> <span class='ocrx_word' id='word_1_265' title='bbox 1688 4209 1891 4260; x_wconf 85' lang='lat' dir='ltr'><strong>exstat</strong></span> <span class='ocrx_word' id='word_1_266' title='bbox 1937 4194 2003 4259; x_wconf 92' lang='lat' dir='ltr'><strong>in</strong></span> <span class='ocrx_word' id='word_1_267' title='bbox 2051 4194 2428 4261; x_wconf 88' lang='lat' dir='ltr'><strong>Tusculanis</strong></span> <span class='ocrx_word' id='word_1_268' title='bbox 2476 4197 2536 4261; x_wconf 95' lang='lat' dir='ltr'><strong>I.</strong></span> <span class='ocrx_word' id='word_1_269' title='bbox 2578 4216 2686 4283; x_wconf 84' lang='lat'><strong>35.</strong></span> 
     </span>
     <span class='ocr_line' id='line_1_37' title="bbox 1012 4296 2684 4384; baseline -0.001 -19"><span class='ocrx_word' id='word_1_270' title='bbox 1012 4298 1333 4366; x_wconf 87' lang='lat' dir='ltr'><strong>Proverbii</strong></span> <span class='ocrx_word' id='word_1_271' title='bbox 1374 4298 1526 4377; x_wconf 85' lang='lat' dir='ltr'><strong>vim,</strong></span> <span class='ocrx_word' id='word_1_272' title='bbox 1569 4319 1714 4384; x_wconf 86' lang='lat' dir='ltr'><strong>quae</strong></span> <span class='ocrx_word' id='word_1_273' title='bbox 1754 4296 1821 4361; x_wconf 90' lang='lat' dir='ltr'><strong>in</strong></span> <span class='ocrx_word' id='word_1_274' title='bbox 1861 4296 2092 4362; x_wconf 84' lang='lat' dir='ltr'><strong>Priami</strong></span> <span class='ocrx_word' id='word_1_275' title='bbox 2150 4297 2397 4363; x_wconf 89' lang='lat' dir='ltr'><strong>nomine</strong></span> <span class='ocrx_word' id='word_1_276' title='bbox 2438 4298 2684 4364; x_wconf 82' lang='lat' dir='ltr'><strong>invalu-</strong></span> 
     </span>
     <span class='ocr_line' id='line_1_38' title="bbox 1008 4399 2687 4482; baseline -0.001 -14"><span class='ocrx_word' id='word_1_277' title='bbox 1008 4417 1162 4482; x_wconf 88' lang='lat' dir='ltr'><strong>erat,</strong></span> <span class='ocrx_word' id='word_1_278' title='bbox 1187 4400 1481 4467; x_wconf 86' lang='lat' dir='ltr'><strong>indicavit</strong></span> <span class='ocrx_word' id='word_1_279' title='bbox 1505 4399 1794 4465; x_wconf 89' lang='lat' dir='ltr'><strong>Scholion</strong></span> <span class='ocrx_word' id='word_1_280' title='bbox 1820 4399 2064 4465; x_wconf 89' lang='lat' dir='ltr'><strong>Codicis</strong></span> <span class='ocrx_word' id='word_1_281' title='bbox 2088 4400 2392 4465; x_wconf 91' lang='lat' dir='ltr'><strong>Marciani</strong></span> <span class='ocrx_word' id='word_1_282' title='bbox 2415 4403 2491 4466; x_wconf 87' lang='lat' dir='ltr'><strong>B.</strong></span> <span class='ocrx_word' id='word_1_283' title='bbox 2563 4402 2687 4481; x_wconf 83' lang='lat' dir='ltr'><strong>Qui</strong></span> 
     </span>
     <span class='ocr_line' id='line_1_39' title="bbox 1008 4502 2688 4594; baseline 0.001 -26"><span class='ocrx_word' id='word_1_284' title='bbox 1008 4505 1192 4594; x_wconf 88' lang='lat' dir='ltr'><strong>plura</strong></span> <span class='ocrx_word' id='word_1_285' title='bbox 1231 4503 1558 4584; x_wconf 86' lang='lat' dir='ltr'><strong>desideret,</strong></span> <span class='ocrx_word' id='word_1_286' title='bbox 1602 4502 1882 4568; x_wconf 87' lang='lat' dir='ltr'><strong>consulat</strong></span> <span class='ocrx_word' id='word_1_287' title='bbox 1924 4502 2169 4568; x_wconf 91' lang='lat' dir='ltr'><strong>doctam</strong></span> <span class='ocrx_word' id='word_1_288' title='bbox 2211 4502 2688 4570; x_wconf 84' lang='lat' dir='ltr'><strong>animadversio·</strong></span> 
     </span>
     <span class='ocr_line' id='line_1_40' title="bbox 1008 4595 2684 4696; baseline -0.001 -23"><span class='ocrx_word' id='word_1_289' title='bbox 1008 4630 1151 4673; x_wconf 89' lang='grc'><strong>11010</strong></span> <span class='ocrx_word' id='word_1_290' title='bbox 1188 4605 1661 4696; x_wconf 89' lang='lat' dir='ltr'><strong>Wyttenbachii</strong></span> <span class='ocrx_word' id='word_1_291' title='bbox 1701 4605 1766 4670; x_wconf 89' lang='lat' dir='ltr'><strong>in</strong></span> <span class='ocrx_word' id='word_1_292' title='bbox 1812 4605 2134 4670; x_wconf 82' lang='lat' dir='ltr'><strong>Plutarchi</strong></span> <span class='ocrx_word' id='word_1_293' title='bbox 2179 4595 2430 4671; x_wconf 83' lang='lat' dir='ltr'><strong>Consol.</strong></span> <span class='ocrx_word' id='word_1_294' title='bbox 2467 4605 2684 4695; x_wconf 90' lang='lat' dir='ltr'><strong>Apoll.</strong></span> 
     </span>
     <span class='ocr_line' id='line_1_41' title="bbox 1009 4708 2091 4800; baseline -0.005 -23"><span class='ocrx_word' id='word_1_295' title='bbox 1009 4733 1077 4800; x_wconf 91' lang='lat' dir='ltr'><strong>p.</strong></span> <span class='ocrx_word' id='word_1_296' title='bbox 1100 4710 1241 4797; x_wconf 83' lang='lat'><strong>758.</strong></span> <span class='ocrx_word' id='word_1_297' title='bbox 1273 4733 1362 4797; x_wconf 87' lang='lat' dir='ltr'><strong>sq.</strong></span> <span class='ocrx_word' id='word_1_298' title='bbox 1390 4710 1487 4774; x_wconf 92' lang='lat' dir='ltr'><strong>ed.</strong></span> <span class='ocrx_word' id='word_1_299' title='bbox 1520 4710 1725 4773; x_wconf 83' lang='lat' dir='ltr'><strong>Oxou.</strong></span> <span class='ocrx_word' id='word_1_300' title='bbox 1760 4708 1938 4773; x_wconf 85' lang='lat' dir='ltr'><strong>form.</strong></span> <span class='ocrx_word' id='word_1_301' title='bbox 1968 4723 2091 4773; x_wconf 92' lang='lat' dir='ltr'><strong>oct.</strong></span> 
     </span>
    </p>

    <p class='ocr_par' dir='ltr' id='par_1_4' title="bbox 1010 4810 2693 5622">
     <span class='ocr_line' id='line_1_42' title="bbox 1096 4810 2686 4900; baseline 0.001 -23"><span class='ocrx_word' id='word_1_302' title='bbox 1096 4835 1163 4900; x_wconf 89' lang='lat' dir='ltr'><strong>p.</strong></span> <span class='ocrx_word' id='word_1_303' title='bbox 1181 4813 1287 4894; x_wconf 92' lang='lat'><strong>64,</strong></span> <span class='ocrx_word' id='word_1_304' title='bbox 1308 4831 1373 4899; x_wconf 86' lang='lat'><strong>3.</strong></span> <span class='ocrx_word' id='word_1_305' title='bbox 1415 4812 1623 4896; x_wconf 80' lang='grc' dir='ltr'>ψυχὴν</span> <span class='ocrx_word' id='word_1_306' title='bbox 1649 4810 2236 4891; x_wconf 68' lang='grc' dir='ltr'>τοιάνδε-σώματος</span> <span class='ocrx_word' id='word_1_307' title='bbox 2277 4812 2486 4898; x_wconf 79' lang='grc' dir='ltr'>φύσιν]</span> <span class='ocrx_word' id='word_1_308' title='bbox 2538 4812 2686 4878; x_wconf 89' lang='lat' dir='ltr'><strong>Non</strong></span> 
     </span>
     <span class='ocr_line' id='line_1_43' title="bbox 1012 4912 2692 5002; baseline -0.001 -21"><span class='ocrx_word' id='word_1_309' title='bbox 1012 4913 1410 5002; x_wconf 82' lang='lat' dir='ltr'><strong>Peripatetici</strong></span> <span class='ocrx_word' id='word_1_310' title='bbox 1459 4912 1730 5001; x_wconf 87' lang='lat' dir='ltr'><strong>primum</strong></span> <span class='ocrx_word' id='word_1_311' title='bbox 1778 4912 2190 4992; x_wconf 87' lang='lat' dir='ltr'><strong>inculcabant,</strong></span> <span class='ocrx_word' id='word_1_312' title='bbox 2236 4937 2453 4979; x_wconf 83' lang='lat' dir='ltr'><strong>verum</strong></span> <span class='ocrx_word' id='word_1_313' title='bbox 2509 4929 2692 4979; x_wconf 86' lang='lat' dir='ltr'><strong>antea</strong></span> 
     </span>
     <span class='ocr_line' id='line_1_44' title="bbox 1010 5016 2689 5105; baseline -0.003 -19"><span class='ocrx_word' id='word_1_314' title='bbox 1010 5018 1196 5086; x_wconf 89' lang='lat' dir='ltr'><strong>etiam</strong></span> <span class='ocrx_word' id='word_1_315' title='bbox 1240 5016 1661 5105; x_wconf 83' lang='lat' dir='ltr'><strong>Pythagorici.</strong></span> <span class='ocrx_word' id='word_1_316' title='bbox 1752 5016 2067 5104; x_wconf 88' lang='lat' dir='ltr'><strong>Archytas</strong></span> <span class='ocrx_word' id='word_1_317' title='bbox 2108 5040 2211 5105; x_wconf 91' lang='lat' dir='ltr'><strong>ap.</strong></span> <span class='ocrx_word' id='word_1_318' title='bbox 2259 5016 2436 5082; x_wconf 88' lang='lat' dir='ltr'><strong>Stob.</strong></span> <span class='ocrx_word' id='word_1_319' title='bbox 2471 5016 2689 5082; x_wconf 87' lang='lat' dir='ltr'><strong>Floril.</strong></span> 
     </span>
     <span class='ocr_line' id='line_1_45' title="bbox 1014 5117 2687 5206; baseline -0.001 -18"><span class='ocrx_word' id='word_1_320' title='bbox 1014 5122 1150 5188; x_wconf 87' lang='lat' dir='ltr'><strong>Tit.</strong></span> <span class='ocrx_word' id='word_1_321' title='bbox 1178 5123 1233 5187; x_wconf 97' lang='grc' dir='ltr'><strong>Ι.</strong></span> <span class='ocrx_word' id='word_1_322' title='bbox 1268 5121 1327 5204; x_wconf 64' lang='grc' dir='ltr'><strong>ξ.</strong></span> <span class='ocrx_word' id='word_1_323' title='bbox 1352 5120 1451 5203; x_wconf 90' lang='grc'><strong>76.</strong></span> <span class='ocrx_word' id='word_1_324' title='bbox 1483 5141 1546 5206; x_wconf 98' lang='lat' dir='ltr'><strong>p.</strong></span> <span class='ocrx_word' id='word_1_325' title='bbox 1567 5138 1672 5204; x_wconf 86' lang='lat'><strong>43.</strong></span> <span class='ocrx_word' id='word_1_326' title='bbox 1709 5117 2025 5184; x_wconf 83' lang='lat' dir='ltr'><strong>Gaisford.</strong></span> <span class='ocrx_word' id='word_1_327' title='bbox 2063 5121 2096 5183; x_wconf 82' lang='grc' dir='ltr'><strong><em>ὁ</em></strong></span> <span class='ocrx_word' id='word_1_328' title='bbox 2141 5118 2189 5184; x_wconf 86' lang='grc' dir='ltr'><strong>δ’</strong></span> <span class='ocrx_word' id='word_1_329' title='bbox 2219 5121 2522 5202; x_wconf 77' lang='grc' dir='ltr'>ἄνθρωπος</span> <span class='ocrx_word' id='word_1_330' title='bbox 2559 5119 2687 5205; x_wconf 76' lang='grc' dir='ltr'>οὐχ’</span> 
     </span>
     <span class='ocr_line' id='line_1_46' title="bbox 1012 5220 2689 5310; baseline -0.009 -18"><span class='ocrx_word' id='word_1_331' title='bbox 1012 5230 1054 5292; x_wconf 81' lang='grc' dir='ltr'>ἀ</span> <span class='ocrx_word' id='word_1_332' title='bbox 1078 5227 1254 5310; x_wconf 75' lang='grc' dir='ltr'>ψυχὰ</span> <span class='ocrx_word' id='word_1_333' title='bbox 1278 5223 1483 5304; x_wconf 82' lang='grc' dir='ltr'>μόνον,</span> <span class='ocrx_word' id='word_1_334' title='bbox 1515 5223 1677 5285; x_wconf 73' lang='grc' dir='ltr'>ἀλλὰ</span> <span class='ocrx_word' id='word_1_335' title='bbox 1706 5221 1800 5285; x_wconf 84' lang='grc' dir='ltr'>καὶ</span> <span class='ocrx_word' id='word_1_336' title='bbox 1826 5220 1894 5285; x_wconf 82' lang='grc' dir='ltr'><strong>τὸ</strong></span> <span class='ocrx_word' id='word_1_337' title='bbox 1923 5227 2112 5302; x_wconf 79' lang='grc' dir='ltr'>σῶμα·</span> <span class='ocrx_word' id='word_1_338' title='bbox 2158 5222 2227 5287; x_wconf 82' lang='grc' dir='ltr'><strong>τὸ</strong></span> <span class='ocrx_word' id='word_1_339' title='bbox 2256 5224 2370 5304; x_wconf 73' lang='grc' dir='ltr'><strong>γὰρ</strong></span> <span class='ocrx_word' id='word_1_340' title='bbox 2401 5225 2463 5302; x_wconf 73' lang='grc' dir='ltr'><strong>ἐξ</strong></span> <span class='ocrx_word' id='word_1_341' title='bbox 2493 5224 2689 5305; x_wconf 78' lang='grc' dir='ltr'>ἆμφο-</span> 
     </span>
     <span class='ocr_line' id='line_1_47' title="bbox 1012 5322 2691 5411; baseline -0.002 -17"><span class='ocrx_word' id='word_1_342' title='bbox 1012 5328 1198 5411; x_wconf 75' lang='grc' dir='ltr'>τέρων</span> <span class='ocrx_word' id='word_1_343' title='bbox 1224 5332 1390 5403; x_wconf 72' lang='grc' dir='ltr'>ζῶον,</span> <span class='ocrx_word' id='word_1_344' title='bbox 1423 5324 1519 5388; x_wconf 84' lang='grc' dir='ltr'>καὶ</span> <span class='ocrx_word' id='word_1_345' title='bbox 1555 5322 1623 5387; x_wconf 83' lang='grc' dir='ltr'><strong>τὸ</strong></span> <span class='ocrx_word' id='word_1_346' title='bbox 1664 5325 1729 5388; x_wconf 76' lang='grc' dir='ltr'><strong>ἐκ</strong></span> <span class='ocrx_word' id='word_1_347' title='bbox 1765 5325 2045 5388; x_wconf 79' lang='grc' dir='ltr'>τοιούτων</span> <span class='ocrx_word' id='word_1_348' title='bbox 2072 5325 2396 5407; x_wconf 76' lang='grc' dir='ltr'>ἄνθρωπος.</span> <span class='ocrx_word' id='word_1_349' title='bbox 2443 5327 2539 5390; x_wconf 84' lang='grc' dir='ltr'>καὶ</span> <span class='ocrx_word' id='word_1_350' title='bbox 2576 5330 2691 5408; x_wconf 77' lang='grc' dir='ltr'><strong>γὰρ</strong></span> 
     </span>
     <span class='ocr_line' id='line_1_48' title="bbox 1016 5425 2693 5512; baseline -0.004 -14"><span class='ocrx_word' id='word_1_351' title='bbox 1016 5435 1071 5498; x_wconf 72' lang='grc' dir='ltr'>εἰ</span> <span class='ocrx_word' id='word_1_352' title='bbox 1110 5436 1214 5498; x_wconf 81' lang='grc' dir='ltr'><strong>τᾶς</strong></span> <span class='ocrx_word' id='word_1_353' title='bbox 1249 5432 1453 5512; x_wconf 78' lang='grc' dir='ltr'>ψυχᾶς</span> <span class='ocrx_word' id='word_1_354' title='bbox 1489 5427 1746 5508; x_wconf 85' lang='grc' dir='ltr'>ὄργανον</span> <span class='ocrx_word' id='word_1_355' title='bbox 1774 5425 1841 5489; x_wconf 82' lang='grc' dir='ltr'><strong>τὸ</strong></span> <span class='ocrx_word' id='word_1_356' title='bbox 1882 5431 2053 5506; x_wconf 77' lang='grc' dir='ltr'>σῶμα</span> <span class='ocrx_word' id='word_1_357' title='bbox 2088 5426 2371 5510; x_wconf 83' lang='grc' dir='ltr'>πέφυκεν,</span> <span class='ocrx_word' id='word_1_358' title='bbox 2405 5429 2567 5492; x_wconf 73' lang='grc' dir='ltr'>ἀλλὰ</span> <span class='ocrx_word' id='word_1_359' title='bbox 2597 5429 2693 5493; x_wconf 80' lang='grc' dir='ltr'>καὶ</span> 
     </span>
     <span class='ocr_line' id='line_1_49' title="bbox 1016 5527 2579 5622; baseline -0.001 -24"><span class='ocrx_word' id='word_1_360' title='bbox 1016 5538 1095 5622; x_wconf 71' lang='grc' dir='ltr'><strong>τῷ</strong></span> <span class='ocrx_word' id='word_1_361' title='bbox 1124 5533 1408 5619; x_wconf 72' lang='grc' dir='ltr'>ἀνθρόπῳ</span> <span class='ocrx_word' id='word_1_362' title='bbox 1433 5527 1608 5613; x_wconf 87' lang='grc' dir='ltr'>μέρος</span> <span class='ocrx_word' id='word_1_363' title='bbox 1637 5528 1732 5594; x_wconf 87' lang='grc' dir='ltr'>καὶ</span> <span class='ocrx_word' id='word_1_364' title='bbox 1757 5532 1928 5593; x_wconf 81' lang='grc' dir='ltr'>τοῦτο</span> <span class='ocrx_word' id='word_1_365' title='bbox 1957 5529 2052 5595; x_wconf 85' lang='grc' dir='ltr'>καὶ</span> <span class='ocrx_word' id='word_1_366' title='bbox 2080 5532 2122 5594; x_wconf 79' lang='grc' dir='ltr'>ἀ</span> <span class='ocrx_word' id='word_1_367' title='bbox 2144 5528 2334 5613; x_wconf 80' lang='grc' dir='ltr'><strong>ψυχά.</strong></span> <span class='ocrx_word' id='word_1_368' title='bbox 2367 5558 2420 5596; x_wconf 86' lang='grc' dir='ltr'><strong>κ.</strong></span> <span class='ocrx_word' id='word_1_369' title='bbox 2438 5557 2493 5596; x_wconf 92' lang='grc' dir='ltr'><strong>τ.</strong></span> <span class='ocrx_word' id='word_1_370' title='bbox 2510 5539 2579 5597; x_wconf 85' lang='grc' dir='ltr'><strong>λ.</strong></span> 
     </span>
    </p>
   </div>
   <div class='ocr_carea' id='block_1_3' title="bbox 1965 533 3482 602">
    <p class='ocr_par' dir='ltr' id='par_1_5' title="bbox 1965 533 3482 602">
     <span class='ocr_line' id='line_1_50' title="bbox 1965 533 3482 602; baseline 0.002 -4"><span class='ocrx_word' id='word_1_371' title='bbox 1965 533 2787 599; x_wconf 88' lang='lat' dir='ltr'><strong>ANNOTATIONES</strong></span> <span class='ocrx_word' id='word_1_372' title='bbox 2856 534 2968 600; x_wconf 93' lang='lat' dir='ltr'><strong>IN</strong></span> <span class='ocrx_word' id='word_1_373' title='bbox 3034 535 3482 602; x_wconf 86' lang='lat' dir='ltr'><strong>PLOTINI</strong></span> 
     </span>
    </p>
   </div>
   <div class='ocr_carea' id='block_1_4' title="bbox 2765 705 4451 5618">
    <p class='ocr_par' dir='ltr' id='par_1_6' title="bbox 2767 705 4448 1103">
     <span class='ocr_line' id='line_1_51' title="bbox 2849 705 4446 796; baseline 0 -23"><span class='ocrx_word' id='word_1_374' title='bbox 2849 743 2937 757; x_wconf 95' lang='lat'>—</span> <span class='ocrx_word' id='word_1_375' title='bbox 2963 727 3027 793; x_wconf 87' lang='lat'><strong>5.</strong></span> <span class='ocrx_word' id='word_1_376' title='bbox 3071 709 3466 794; x_wconf 76' lang='grc' dir='ltr'>αῑ-πείσεις]</span> <span class='ocrx_word' id='word_1_377' title='bbox 3521 705 3894 794; x_wconf 89' lang='lat' dir='ltr'><strong>Simpliciter</strong></span> <span class='ocrx_word' id='word_1_378' title='bbox 3934 728 4054 796; x_wconf 93' lang='lat' dir='ltr'><strong>pro</strong></span> <span class='ocrx_word' id='word_1_379' title='bbox 4095 730 4246 772; x_wconf 82' lang='lat' dir='ltr'><strong>voce</strong></span> <span class='ocrx_word' id='word_1_380' title='bbox 4289 707 4446 789; x_wconf 79' lang='grc' dir='ltr'>πάθη</span> 
     </span>
     <span class='ocr_line' id='line_1_52' title="bbox 2768 808 4448 898; baseline 0.002 -24"><span class='ocrx_word' id='word_1_381' title='bbox 2768 809 3052 897; x_wconf 89' lang='lat' dir='ltr'><strong>usurpari</strong></span> <span class='ocrx_word' id='word_1_382' title='bbox 3081 809 3443 898; x_wconf 61' lang='lat' dir='ltr'><strong>saepiuscule</strong></span> <span class='ocrx_word' id='word_1_383' title='bbox 3472 809 3653 875; x_wconf 91' lang='grc'><strong>110001</strong></span> <span class='ocrx_word' id='word_1_384' title='bbox 3679 808 3761 874; x_wconf 88' lang='grc'><strong>811</strong></span> <span class='ocrx_word' id='word_1_385' title='bbox 3795 810 3894 874; x_wconf 93' lang='lat' dir='ltr'><strong>M.</strong></span> <span class='ocrx_word' id='word_1_386' title='bbox 3918 810 4222 875; x_wconf 88' lang='lat' dir='ltr'><strong>Antonin.</strong></span> <span class='ocrx_word' id='word_1_387' title='bbox 4256 812 4448 879; x_wconf 88' lang='lat' dir='ltr'><strong>Gata-</strong></span> 
     </span>
     <span class='ocr_line' id='line_1_53' title="bbox 2767 910 4447 1002; baseline 0.002 -25"><span class='ocrx_word' id='word_1_388' title='bbox 2767 910 2897 977; x_wconf 88' lang='lat' dir='ltr'><strong>ker.</strong></span> <span class='ocrx_word' id='word_1_389' title='bbox 2945 934 3010 1000; x_wconf 92' lang='lat' dir='ltr'><strong>p.</strong></span> <span class='ocrx_word' id='word_1_390' title='bbox 3042 914 3145 997; x_wconf 87' lang='lat'><strong>76.</strong></span> <span class='ocrx_word' id='word_1_391' title='bbox 3182 935 3275 999; x_wconf 88' lang='lat' dir='ltr'><strong>sq.</strong></span> <span class='ocrx_word' id='word_1_392' title='bbox 3320 925 3384 977; x_wconf 90' lang='lat' dir='ltr'><strong>et</strong></span> <span class='ocrx_word' id='word_1_393' title='bbox 3426 936 3491 1002; x_wconf 91' lang='lat' dir='ltr'><strong>p.</strong></span> <span class='ocrx_word' id='word_1_394' title='bbox 3526 932 3666 979; x_wconf 86' lang='lat'><strong>202.</strong></span> <span class='ocrx_word' id='word_1_395' title='bbox 3735 912 3842 977; x_wconf 86' lang='lat' dir='ltr'><strong>cf.</strong></span> <span class='ocrx_word' id='word_1_396' title='bbox 3869 912 4034 978; x_wconf 87' lang='lat' dir='ltr'><strong>locos</strong></span> <span class='ocrx_word' id='word_1_397' title='bbox 4065 913 4447 981; x_wconf 86' lang='lat' dir='ltr'><strong>Plotinianos</strong></span> 
     </span>
     <span class='ocr_line' id='line_1_54' title="bbox 2771 1016 4161 1103; baseline -0.001 -23"><span class='ocrx_word' id='word_1_398' title='bbox 2771 1016 2872 1080; x_wconf 91' lang='lat'><strong>11.</strong></span> <span class='ocrx_word' id='word_1_399' title='bbox 2899 1036 2959 1101; x_wconf 91' lang='lat'><strong>9.</strong></span> <span class='ocrx_word' id='word_1_400' title='bbox 2985 1035 3086 1096; x_wconf 91' lang='lat'><strong>14.</strong></span> <span class='ocrx_word' id='word_1_401' title='bbox 3133 1016 3276 1080; x_wconf 93' lang='lat' dir='ltr'><strong>III.</strong></span> <span class='ocrx_word' id='word_1_402' title='bbox 3301 1035 3357 1080; x_wconf 93' lang='lat'><strong>1.</strong></span> <span class='ocrx_word' id='word_1_403' title='bbox 3382 1036 3448 1098; x_wconf 89' lang='lat'><strong>4.</strong></span> <span class='ocrx_word' id='word_1_404' title='bbox 3497 1017 3574 1080; x_wconf 91' lang='lat' dir='ltr'><strong>V.</strong></span> <span class='ocrx_word' id='word_1_405' title='bbox 3599 1036 3659 1100; x_wconf 92' lang='lat'><strong>9.</strong></span> <span class='ocrx_word' id='word_1_406' title='bbox 3689 1035 3792 1080; x_wconf 93' lang='lat'><strong>10.</strong></span> <span class='ocrx_word' id='word_1_407' title='bbox 3823 1028 3886 1081; x_wconf 83' lang='lat' dir='ltr'><strong>et</strong></span> <span class='ocrx_word' id='word_1_408' title='bbox 3912 1016 4161 1103; x_wconf 87' lang='lat' dir='ltr'><strong>passim.</strong></span> 
     </span>
    </p>

    <p class='ocr_par' dir='ltr' id='par_1_7' title="bbox 2765 1117 4447 2028">
     <span class='ocr_line' id='line_1_55' title="bbox 2859 1117 4441 1202; baseline 0.002 -20"><span class='ocrx_word' id='word_1_409' title='bbox 2859 1117 2947 1183; x_wconf 91' lang='lat' dir='ltr'><strong>ib.</strong></span> <span class='ocrx_word' id='word_1_410' title='bbox 3006 1118 3150 1200; x_wconf 85' lang='grc' dir='ltr'>πρὸς</span> <span class='ocrx_word' id='word_1_411' title='bbox 3193 1118 3373 1184; x_wconf 75' lang='grc' dir='ltr'>αὐτὸν</span> <span class='ocrx_word' id='word_1_412' title='bbox 3422 1118 3846 1202; x_wconf 84' lang='grc' dir='ltr'>ἀναφέρονται]</span> <span class='ocrx_word' id='word_1_413' title='bbox 3918 1118 4172 1184; x_wconf 88' lang='lat' dir='ltr'><strong>Ficinus</strong></span> <span class='ocrx_word' id='word_1_414' title='bbox 4221 1119 4441 1185; x_wconf 86' lang='lat' dir='ltr'><strong>vertit:</strong></span> 
     </span>
     <span class='ocr_line' id='line_1_56' title="bbox 2769 1219 4447 1310; baseline 0.001 -25"><span class='ocrx_word' id='word_1_415' title='bbox 2769 1228 2814 1261; x_wconf 88' lang='lat'><strong>“</strong></span> <span class='ocrx_word' id='word_1_416' title='bbox 2842 1221 2924 1285; x_wconf 89' lang='lat' dir='ltr'><strong>ad</strong></span> <span class='ocrx_word' id='word_1_417' title='bbox 2965 1219 3171 1308; x_wconf 87' lang='lat' dir='ltr'><strong>ipsum</strong></span> <span class='ocrx_word' id='word_1_418' title='bbox 3199 1223 3482 1285; x_wconf 75' lang='lat' dir='ltr'><strong>animum</strong></span> <span class='ocrx_word' id='word_1_419' title='bbox 3521 1221 3970 1286; x_wconf 86' lang='lat' dir='ltr'><strong>transferantur</strong></span> <span class='ocrx_word' id='word_1_420' title='bbox 3989 1223 4043 1284; x_wconf 89' lang='lat'><strong>:”</strong></span> <span class='ocrx_word' id='word_1_421' title='bbox 4088 1237 4151 1287; x_wconf 93' lang='lat' dir='ltr'><strong>et</strong></span> <span class='ocrx_word' id='word_1_422' title='bbox 4178 1222 4266 1286; x_wconf 93' lang='lat' dir='ltr'><strong>ita</strong></span> <span class='ocrx_word' id='word_1_423' title='bbox 4292 1245 4447 1310; x_wconf 92' lang='lat' dir='ltr'><strong>quo-</strong></span> 
     </span>
     <span class='ocr_line' id='line_1_57' title="bbox 2768 1322 4444 1412; baseline 0.001 -23"><span class='ocrx_word' id='word_1_424' title='bbox 2768 1347 2893 1412; x_wconf 91' lang='lat' dir='ltr'><strong>que</strong></span> <span class='ocrx_word' id='word_1_425' title='bbox 2922 1322 3181 1411; x_wconf 87' lang='lat' dir='ltr'><strong>Taylor.</strong></span> <span class='ocrx_word' id='word_1_426' title='bbox 3260 1323 3385 1389; x_wconf 91' lang='lat' dir='ltr'><strong>Sed</strong></span> <span class='ocrx_word' id='word_1_427' title='bbox 3413 1336 3564 1389; x_wconf 89' lang='lat' dir='ltr'><strong>tunc</strong></span> <span class='ocrx_word' id='word_1_428' title='bbox 3590 1323 3858 1389; x_wconf 91' lang='lat' dir='ltr'><strong>debebat</strong></span> <span class='ocrx_word' id='word_1_429' title='bbox 3885 1323 4005 1411; x_wconf 88' lang='lat' dir='ltr'><strong>legi</strong></span> <span class='ocrx_word' id='word_1_430' title='bbox 4039 1325 4238 1404; x_wconf 78' lang='grc' dir='ltr'>αὐτὴν,</span> <span class='ocrx_word' id='word_1_431' title='bbox 4271 1325 4444 1412; x_wconf 92' lang='lat' dir='ltr'><strong>quod</strong></span> 
     </span>
     <span class='ocr_line' id='line_1_58' title="bbox 2767 1425 4445 1515; baseline 0.001 -23"><span class='ocrx_word' id='word_1_432' title='bbox 2767 1427 2834 1492; x_wconf 92' lang='lat' dir='ltr'><strong>in</strong></span> <span class='ocrx_word' id='word_1_433' title='bbox 2862 1425 3035 1492; x_wconf 90' lang='lat' dir='ltr'><strong>nullo</strong></span> <span class='ocrx_word' id='word_1_434' title='bbox 3061 1425 3221 1491; x_wconf 90' lang='lat' dir='ltr'><strong>libro</strong></span> <span class='ocrx_word' id='word_1_435' title='bbox 3249 1441 3582 1515; x_wconf 88' lang='lat' dir='ltr'><strong>comparet.</strong></span> <span class='ocrx_word' id='word_1_436' title='bbox 3630 1426 3904 1491; x_wconf 87' lang='lat' dir='ltr'><strong>Proinde</strong></span> <span class='ocrx_word' id='word_1_437' title='bbox 3931 1425 4323 1492; x_wconf 86' lang='lat' dir='ltr'><strong>referendum</strong></span> <span class='ocrx_word' id='word_1_438' title='bbox 4352 1443 4445 1493; x_wconf 90' lang='lat' dir='ltr'><strong>est</strong></span> 
     </span>
     <span class='ocr_line' id='line_1_59' title="bbox 2767 1527 4441 1596; baseline -0.001 -1"><span class='ocrx_word' id='word_1_439' title='bbox 2767 1530 2847 1596; x_wconf 87' lang='lat' dir='ltr'><strong>ad</strong></span> <span class='ocrx_word' id='word_1_440' title='bbox 2876 1529 3206 1595; x_wconf 88' lang='lat' dir='ltr'><strong>hominem.</strong></span> <span class='ocrx_word' id='word_1_441' title='bbox 3282 1531 3564 1595; x_wconf 86' lang='lat' dir='ltr'><strong>Deorum</strong></span> <span class='ocrx_word' id='word_1_442' title='bbox 3594 1527 4038 1593; x_wconf 89' lang='lat' dir='ltr'><strong>beatitudinem</strong></span> <span class='ocrx_word' id='word_1_443' title='bbox 4066 1552 4209 1594; x_wconf 90' lang='lat' dir='ltr'><strong>cum</strong></span> <span class='ocrx_word' id='word_1_444' title='bbox 4239 1530 4441 1594; x_wconf 90' lang='lat' dir='ltr'><strong>homi-</strong></span> 
     </span>
     <span class='ocr_line' id='line_1_60' title="bbox 2769 1631 4446 1720; baseline -0.001 -22"><span class='ocrx_word' id='word_1_445' title='bbox 2769 1656 2921 1698; x_wconf 90' lang='lat' dir='ltr'><strong>num</strong></span> <span class='ocrx_word' id='word_1_446' title='bbox 2975 1631 3324 1698; x_wconf 88' lang='lat' dir='ltr'><strong>conditione</strong></span> <span class='ocrx_word' id='word_1_447' title='bbox 3389 1646 3704 1720; x_wconf 89' lang='lat' dir='ltr'><strong>comparat</strong></span> <span class='ocrx_word' id='word_1_448' title='bbox 3761 1631 3943 1697; x_wconf 87' lang='lat' dir='ltr'><strong>etiam</strong></span> <span class='ocrx_word' id='word_1_449' title='bbox 4005 1631 4446 1720; x_wconf 84' lang='lat' dir='ltr'><strong>Hippodamus</strong></span> 
     </span>
     <span class='ocr_line' id='line_1_61' title="bbox 2772 1734 4445 1823; baseline 0.001 -23"><span class='ocrx_word' id='word_1_450' title='bbox 2772 1735 3055 1801; x_wconf 88' lang='lat' dir='ltr'><strong>Thurius</strong></span> <span class='ocrx_word' id='word_1_451' title='bbox 3110 1734 3176 1799; x_wconf 90' lang='lat' dir='ltr'><strong>in</strong></span> <span class='ocrx_word' id='word_1_452' title='bbox 3232 1735 3614 1823; x_wconf 88' lang='lat' dir='ltr'><strong>Fragmento</strong></span> <span class='ocrx_word' id='word_1_453' title='bbox 3667 1735 3801 1818; x_wconf 87' lang='grc' dir='ltr'>περὶ</span> <span class='ocrx_word' id='word_1_454' title='bbox 3860 1736 4222 1817; x_wconf 76' lang='grc' dir='ltr'>εὐδαιμονίας</span> <span class='ocrx_word' id='word_1_455' title='bbox 4274 1736 4445 1823; x_wconf 88' lang='lat' dir='ltr'><strong>apud</strong></span> 
     </span>
     <span class='ocr_line' id='line_1_62' title="bbox 2768 1837 4439 1927; baseline 0.001 -24"><span class='ocrx_word' id='word_1_456' title='bbox 2768 1838 3085 1904; x_wconf 86' lang='lat' dir='ltr'><strong>Stobaeum</strong></span> <span class='ocrx_word' id='word_1_457' title='bbox 3128 1837 3193 1902; x_wconf 91' lang='lat' dir='ltr'><strong>in</strong></span> <span class='ocrx_word' id='word_1_458' title='bbox 3238 1837 3530 1925; x_wconf 86' lang='lat' dir='ltr'><strong>Florileg.</strong></span> <span class='ocrx_word' id='word_1_459' title='bbox 3578 1837 3712 1903; x_wconf 88' lang='lat' dir='ltr'><strong>Tit.</strong></span> <span class='ocrx_word' id='word_1_460' title='bbox 3748 1855 3892 1924; x_wconf 90' lang='grc'><strong>103.</strong></span> <span class='ocrx_word' id='word_1_461' title='bbox 3938 1839 3997 1923; x_wconf 64' lang='grc' dir='ltr'><strong>ξ.</strong></span> <span class='ocrx_word' id='word_1_462' title='bbox 4048 1840 4151 1905; x_wconf 88' lang='grc'><strong>26.</strong></span> <span class='ocrx_word' id='word_1_463' title='bbox 4196 1862 4262 1927; x_wconf 98' lang='lat' dir='ltr'><strong>p.</strong></span> <span class='ocrx_word' id='word_1_464' title='bbox 4291 1859 4439 1925; x_wconf 88' lang='grc'><strong>339.</strong></span> 
     </span>
     <span class='ocr_line' id='line_1_63' title="bbox 2765 1939 3252 2028; baseline 0 -24"><span class='ocrx_word' id='word_1_465' title='bbox 2765 1963 2854 2028; x_wconf 88' lang='lat' dir='ltr'><strong>sq.</strong></span> <span class='ocrx_word' id='word_1_466' title='bbox 2889 1939 3252 2007; x_wconf 87' lang='lat' dir='ltr'><strong>Gaisfordii.</strong></span> 
     </span>
    </p>

    <p class='ocr_par' dir='ltr' id='par_1_8' title="bbox 2766 2041 4443 2229">
     <span class='ocr_line' id='line_1_64' title="bbox 2847 2041 4443 2131; baseline 0 -22"><span class='ocrx_word' id='word_1_467' title='bbox 2847 2080 2936 2095; x_wconf 93' lang='lat'>—</span> <span class='ocrx_word' id='word_1_468' title='bbox 2960 2064 3062 2109; x_wconf 91' lang='lat'><strong>10.</strong></span> <span class='ocrx_word' id='word_1_469' title='bbox 3091 2043 3796 2130; x_wconf 81' lang='grc' dir='ltr'>προσθήκην-λαβοῦσι]</span> <span class='ocrx_word' id='word_1_470' title='bbox 3848 2041 4200 2129; x_wconf 83' lang='lat' dir='ltr'><strong>Attigimus</strong></span> <span class='ocrx_word' id='word_1_471' title='bbox 4250 2067 4443 2131; x_wconf 88' lang='lat' dir='ltr'><strong>supra</strong></span> 
     </span>
     <span class='ocr_line' id='line_1_65' title="bbox 2766 2146 3107 2229; baseline -0.006 -17"><span class='ocrx_word' id='word_1_472' title='bbox 2766 2146 2846 2212; x_wconf 86' lang='lat' dir='ltr'><strong>ad</strong></span> <span class='ocrx_word' id='word_1_473' title='bbox 2879 2147 2935 2211; x_wconf 95' lang='grc' dir='ltr'><strong>Ι.</strong></span> <span class='ocrx_word' id='word_1_474' title='bbox 2963 2167 3017 2210; x_wconf 93' lang='grc'><strong>1.</strong></span> <span class='ocrx_word' id='word_1_475' title='bbox 3040 2166 3107 2229; x_wconf 92' lang='grc'><strong>4.</strong></span> 
     </span>
    </p>

    <p class='ocr_par' dir='ltr' id='par_1_9' title="bbox 2767 2248 4448 2725">
     <span class='ocr_line' id='line_1_66' title="bbox 2853 2248 4448 2335; baseline 0 -21"><span class='ocrx_word' id='word_1_476' title='bbox 2853 2287 2942 2301; x_wconf 89' lang='grc'><strong>-</strong></span> <span class='ocrx_word' id='word_1_477' title='bbox 2967 2270 2996 2314; x_wconf 88' lang='lat'>1</span> <span class='ocrx_word' id='word_1_478' title='bbox 3012 2269 3066 2313; x_wconf 93' lang='grc'><strong>1.</strong></span> <span class='ocrx_word' id='word_1_479' title='bbox 3098 2248 3319 2314; x_wconf 81' lang='grc' dir='ltr'>δ-καὶ</span> <span class='ocrx_word' id='word_1_480' title='bbox 3345 2248 3593 2331; x_wconf 80' lang='grc' dir='ltr'>θάτερον</span> <span class='ocrx_word' id='word_1_481' title='bbox 3621 2249 3715 2313; x_wconf 77' lang='grc' dir='ltr'>καὶ</span> <span class='ocrx_word' id='word_1_482' title='bbox 3740 2251 4027 2332; x_wconf 71' lang='grc' dir='ltr'>κρεῖττον]</span> <span class='ocrx_word' id='word_1_483' title='bbox 4059 2250 4222 2314; x_wconf 84' lang='lat' dir='ltr'><strong>Hoec</strong></span> <span class='ocrx_word' id='word_1_484' title='bbox 4247 2265 4448 2335; x_wconf 86' lang='lat' dir='ltr'><strong>poste-</strong></span> 
     </span>
     <span class='ocr_line' id='line_1_67' title="bbox 2769 2350 4444 2440; baseline 0.001 -24"><span class='ocrx_word' id='word_1_485' title='bbox 2769 2351 2933 2417; x_wconf 89' lang='lat' dir='ltr'><strong>riora</strong></span> <span class='ocrx_word' id='word_1_486' title='bbox 2971 2375 3085 2440; x_wconf 87' lang='lat' dir='ltr'><strong>per</strong></span> <span class='ocrx_word' id='word_1_487' title='bbox 3111 2351 3477 2439; x_wconf 84' lang='lat' dir='ltr'><strong>epexegesin</strong></span> <span class='ocrx_word' id='word_1_488' title='bbox 3520 2350 3863 2430; x_wconf 88' lang='lat' dir='ltr'><strong>adduntur,</strong></span> <span class='ocrx_word' id='word_1_489' title='bbox 3894 2351 4072 2438; x_wconf 90' lang='lat' dir='ltr'><strong>quasi</strong></span> <span class='ocrx_word' id='word_1_490' title='bbox 4100 2350 4265 2417; x_wconf 91' lang='lat' dir='ltr'><strong>dicat</strong></span> <span class='ocrx_word' id='word_1_491' title='bbox 4293 2351 4444 2418; x_wconf 93' lang='lat' dir='ltr'><strong>Plo-</strong></span> 
     </span>
     <span class='ocr_line' id='line_1_68' title="bbox 2769 2452 4445 2542; baseline -0.001 -23"><span class='ocrx_word' id='word_1_492' title='bbox 2769 2454 2956 2534; x_wconf 89' lang='lat' dir='ltr'><strong>tinus,</strong></span> <span class='ocrx_word' id='word_1_493' title='bbox 2986 2453 3127 2520; x_wconf 88' lang='lat' dir='ltr'><strong>licet</strong></span> <span class='ocrx_word' id='word_1_494' title='bbox 3153 2453 3466 2519; x_wconf 84' lang='lat' dir='ltr'><strong>diversum</strong></span> <span class='ocrx_word' id='word_1_495' title='bbox 3495 2453 3574 2518; x_wconf 88' lang='lat' dir='ltr'><strong>sit</strong></span> <span class='ocrx_word' id='word_1_496' title='bbox 3602 2470 3665 2519; x_wconf 88' lang='grc'><strong>01</strong></span> <span class='ocrx_word' id='word_1_497' title='bbox 3692 2452 4109 2542; x_wconf 81' lang='lat' dir='ltr'><strong>praestantius.</strong></span> <span class='ocrx_word' id='word_1_498' title='bbox 4190 2454 4445 2519; x_wconf 88' lang='lat' dir='ltr'><strong>Ficinus</strong></span> 
     </span>
     <span class='ocr_line' id='line_1_69' title="bbox 2767 2556 4441 2646; baseline 0.001 -24"><span class='ocrx_word' id='word_1_499' title='bbox 2767 2557 3140 2646; x_wconf 90' lang='lat' dir='ltr'><strong>impeditiori</strong></span> <span class='ocrx_word' id='word_1_500' title='bbox 3170 2556 3612 2622; x_wconf 86' lang='lat' dir='ltr'><strong>constructioni</strong></span> <span class='ocrx_word' id='word_1_501' title='bbox 3641 2556 4109 2645; x_wconf 84' lang='lat' dir='ltr'><strong>transpositione</strong></span> <span class='ocrx_word' id='word_1_502' title='bbox 4136 2558 4441 2623; x_wconf 90' lang='lat' dir='ltr'><strong>membro-</strong></span> 
     </span>
     <span class='ocr_line' id='line_1_70' title="bbox 2768 2659 3543 2725; baseline -0.003 0"><span class='ocrx_word' id='word_1_503' title='bbox 2768 2683 2909 2725; x_wconf 91' lang='lat' dir='ltr'><strong>rum</strong></span> <span class='ocrx_word' id='word_1_504' title='bbox 2937 2659 3255 2725; x_wconf 90' lang='lat' dir='ltr'><strong>consulere</strong></span> <span class='ocrx_word' id='word_1_505' title='bbox 3285 2659 3543 2724; x_wconf 89' lang='lat' dir='ltr'><strong>studuit.</strong></span> 
     </span>
    </p>

    <p class='ocr_par' dir='ltr' id='par_1_10' title="bbox 2766 2761 4446 3238">
     <span class='ocr_line' id='line_1_71' title="bbox 2852 2761 4445 2848; baseline 0.001 -23"><span class='ocrx_word' id='word_1_506' title='bbox 2852 2799 2942 2812; x_wconf 94' lang='lat'>—</span> <span class='ocrx_word' id='word_1_507' title='bbox 2967 2763 3066 2826; x_wconf 92' lang='lat'><strong>16.</strong></span> <span class='ocrx_word' id='word_1_508' title='bbox 3094 2761 3267 2826; x_wconf 87' lang='grc' dir='ltr'>Ἀλλ’</span> <span class='ocrx_word' id='word_1_509' title='bbox 3302 2765 3355 2826; x_wconf 75' lang='grc' dir='ltr'>εἰ</span> <span class='ocrx_word' id='word_1_510' title='bbox 3379 2764 3491 2842; x_wconf 76' lang='grc' dir='ltr'>μὲν</span> <span class='ocrx_word' id='word_1_511' title='bbox 3520 2789 3570 2825; x_wconf 85' lang='grc' dir='ltr'><strong>κ.</strong></span> <span class='ocrx_word' id='word_1_512' title='bbox 3591 2787 3641 2825; x_wconf 89' lang='grc' dir='ltr'><strong>τ.</strong></span> <span class='ocrx_word' id='word_1_513' title='bbox 3660 2762 3748 2847; x_wconf 94' lang='grc' dir='ltr'><strong>λ.]</strong></span> <span class='ocrx_word' id='word_1_514' title='bbox 3788 2763 4199 2848; x_wconf 84' lang='lat' dir='ltr'><strong>Posteaquam</strong></span> <span class='ocrx_word' id='word_1_515' title='bbox 4229 2762 4445 2827; x_wconf 87' lang='lat' dir='ltr'><strong>adver-</strong></span> 
     </span>
     <span class='ocr_line' id='line_1_72' title="bbox 2766 2862 4446 2953; baseline 0.001 -25"><span class='ocrx_word' id='word_1_516' title='bbox 2766 2863 3066 2928; x_wconf 90' lang='lat' dir='ltr'><strong>sariorum</strong></span> <span class='ocrx_word' id='word_1_517' title='bbox 3107 2862 3335 2951; x_wconf 88' lang='lat' dir='ltr'><strong>placita</strong></span> <span class='ocrx_word' id='word_1_518' title='bbox 3376 2862 3663 2951; x_wconf 84' lang='lat' dir='ltr'><strong>exposuit</strong></span> <span class='ocrx_word' id='word_1_519' title='bbox 3708 2862 4015 2940; x_wconf 76' lang='lat' dir='ltr'><strong>PlotinuS,</strong></span> <span class='ocrx_word' id='word_1_520' title='bbox 4050 2866 4184 2952; x_wconf 86' lang='lat' dir='ltr'><strong>jam</strong></span> <span class='ocrx_word' id='word_1_521' title='bbox 4228 2887 4446 2953; x_wconf 86' lang='lat' dir='ltr'><strong>aggre-</strong></span> 
     </span>
     <span class='ocr_line' id='line_1_73' title="bbox 2767 2964 4441 3055; baseline 0.001 -24"><span class='ocrx_word' id='word_1_522' title='bbox 2767 2966 2938 3031; x_wconf 89' lang='lat' dir='ltr'><strong>ditur</strong></span> <span class='ocrx_word' id='word_1_523' title='bbox 2964 2966 3046 3031; x_wconf 91' lang='lat' dir='ltr'><strong>ad</strong></span> <span class='ocrx_word' id='word_1_524' title='bbox 3073 2988 3149 3031; x_wconf 90' lang='lat' dir='ltr'><strong>ea</strong></span> <span class='ocrx_word' id='word_1_525' title='bbox 3173 2964 3623 3053; x_wconf 86' lang='lat' dir='ltr'><strong>redarguenda.</strong></span> <span class='ocrx_word' id='word_1_526' title='bbox 3668 2965 3855 3045; x_wconf 83' lang='lat' dir='ltr'><strong>Quod</strong></span> <span class='ocrx_word' id='word_1_527' title='bbox 3883 2966 3946 3031; x_wconf 92' lang='lat' dir='ltr'><strong>in</strong></span> <span class='ocrx_word' id='word_1_528' title='bbox 3976 2967 4251 3055; x_wconf 87' lang='lat' dir='ltr'><strong>margine</strong></span> <span class='ocrx_word' id='word_1_529' title='bbox 4282 2967 4441 3033; x_wconf 86' lang='lat' dir='ltr'><strong>cod.</strong></span> 
     </span>
     <span class='ocr_line' id='line_1_74' title="bbox 2770 3067 4443 3156; baseline 0 -21"><span class='ocrx_word' id='word_1_530' title='bbox 2770 3072 2976 3135; x_wconf 88' lang='lat' dir='ltr'><strong>Marc.</strong></span> <span class='ocrx_word' id='word_1_531' title='bbox 2996 3071 3074 3134; x_wconf 92' lang='lat' dir='ltr'><strong>B.</strong></span> <span class='ocrx_word' id='word_1_532' title='bbox 3104 3068 3387 3134; x_wconf 86' lang='lat' dir='ltr'><strong>eruditus</strong></span> <span class='ocrx_word' id='word_1_533' title='bbox 3415 3067 3605 3133; x_wconf 89' lang='lat' dir='ltr'><strong>lector</strong></span> <span class='ocrx_word' id='word_1_534' title='bbox 3635 3068 4043 3156; x_wconf 82' lang='lat' dir='ltr'><strong>significatum</strong></span> <span class='ocrx_word' id='word_1_535' title='bbox 4073 3068 4290 3135; x_wconf 86' lang='lat' dir='ltr'><strong>voluit.</strong></span> <span class='ocrx_word' id='word_1_536' title='bbox 4337 3070 4443 3136; x_wconf 87' lang='lat' dir='ltr'><strong>Cf.</strong></span> 
     </span>
     <span class='ocr_line' id='line_1_75' title="bbox 2768 3170 3763 3238; baseline -0.003 0"><span class='ocrx_word' id='word_1_537' title='bbox 2768 3172 2953 3238; x_wconf 89' lang='lat' dir='ltr'><strong>etiam</strong></span> <span class='ocrx_word' id='word_1_538' title='bbox 2984 3171 3183 3237; x_wconf 91' lang='lat' dir='ltr'><strong>Ficini</strong></span> <span class='ocrx_word' id='word_1_539' title='bbox 3210 3170 3763 3236; x_wconf 89' lang='lat' dir='ltr'><strong>Commentarium.</strong></span> 
     </span>
    </p>

    <p class='ocr_par' dir='ltr' id='par_1_11' title="bbox 2765 3274 4448 4287">
     <span class='ocr_line' id='line_1_76' title="bbox 2853 3274 4435 3363; baseline 0.001 -23"><span class='ocrx_word' id='word_1_540' title='bbox 2853 3275 3053 3340; x_wconf 87' lang='lat'><strong>—18.</strong></span> <span class='ocrx_word' id='word_1_541' title='bbox 3086 3277 3154 3340; x_wconf 78' lang='grc' dir='ltr'>ἐν</span> <span class='ocrx_word' id='word_1_542' title='bbox 3180 3278 3250 3356; x_wconf 82' lang='grc' dir='ltr'><strong>τῇ</strong></span> <span class='ocrx_word' id='word_1_543' title='bbox 3281 3279 3384 3339; x_wconf 85' lang='grc' dir='ltr'>τοῦ</span> <span class='ocrx_word' id='word_1_544' title='bbox 3412 3276 3693 3356; x_wconf 82' lang='grc' dir='ltr'>ἀληθινοῦ</span> <span class='ocrx_word' id='word_1_545' title='bbox 3722 3277 3948 3359; x_wconf 84' lang='grc' dir='ltr'>ἀγαθοῦ</span> <span class='ocrx_word' id='word_1_546' title='bbox 3977 3274 4174 3357; x_wconf 84' lang='grc' dir='ltr'>κτήσει</span> <span class='ocrx_word' id='word_1_547' title='bbox 4203 3304 4252 3340; x_wconf 89' lang='grc' dir='ltr'><strong>κ.</strong></span> <span class='ocrx_word' id='word_1_548' title='bbox 4273 3303 4326 3341; x_wconf 91' lang='grc' dir='ltr'><strong>τ.</strong></span> <span class='ocrx_word' id='word_1_549' title='bbox 4345 3278 4435 3363; x_wconf 85' lang='grc' dir='ltr'><strong>λ.]</strong></span> 
     </span>
     <span class='ocr_line' id='line_1_77' title="bbox 2767 3377 4443 3466; baseline 0.001 -23"><span class='ocrx_word' id='word_1_550' title='bbox 2767 3377 3045 3443; x_wconf 87' lang='lat' dir='ltr'><strong>Platonis</strong></span> <span class='ocrx_word' id='word_1_551' title='bbox 3086 3392 3443 3443; x_wconf 87' lang='lat' dir='ltr'><strong>sectatorem</strong></span> <span class='ocrx_word' id='word_1_552' title='bbox 3479 3378 3546 3442; x_wconf 93' lang='lat' dir='ltr'><strong>in</strong></span> <span class='ocrx_word' id='word_1_553' title='bbox 3585 3378 3682 3443; x_wconf 89' lang='lat' dir='ltr'><strong>his</strong></span> <span class='ocrx_word' id='word_1_554' title='bbox 3724 3401 4041 3466; x_wconf 79' lang='lat' dir='ltr'><strong>agnoscas·</strong></span> <span class='ocrx_word' id='word_1_555' title='bbox 4132 3379 4252 3445; x_wconf 88' lang='lat' dir='ltr'><strong>Ille</strong></span> <span class='ocrx_word' id='word_1_556' title='bbox 4280 3379 4443 3445; x_wconf 89' lang='lat' dir='ltr'><strong>enim</strong></span> 
     </span>
     <span class='ocr_line' id='line_1_78' title="bbox 2765 3480 4447 3568; baseline 0.002 -23"><span class='ocrx_word' id='word_1_557' title='bbox 2765 3480 2884 3545; x_wconf 88' lang='grc'><strong>1100</strong></span> <span class='ocrx_word' id='word_1_558' title='bbox 2913 3480 3115 3547; x_wconf 88' lang='lat' dir='ltr'><strong>ubivis</strong></span> <span class='ocrx_word' id='word_1_559' title='bbox 3142 3480 3494 3568; x_wconf 90' lang='lat' dir='ltr'><strong>profitetur.</strong></span> <span class='ocrx_word' id='word_1_560' title='bbox 3562 3480 3720 3546; x_wconf 91' lang='lat' dir='ltr'><strong>Vide</strong></span> <span class='ocrx_word' id='word_1_561' title='bbox 3750 3480 3937 3547; x_wconf 90' lang='lat' dir='ltr'><strong>modo</strong></span> <span class='ocrx_word' id='word_1_562' title='bbox 3962 3481 4102 3547; x_wconf 90' lang='lat' dir='ltr'><strong>libr.</strong></span> <span class='ocrx_word' id='word_1_563' title='bbox 4135 3484 4332 3549; x_wconf 91' lang='lat' dir='ltr'><strong>VIII.</strong></span> <span class='ocrx_word' id='word_1_564' title='bbox 4364 3483 4447 3548; x_wconf 94' lang='lat' dir='ltr'><strong>de</strong></span> 
     </span>
     <span class='ocr_line' id='line_1_79' title="bbox 2770 3582 4444 3671; baseline 0.003 -24"><span class='ocrx_word' id='word_1_565' title='bbox 2770 3583 3073 3671; x_wconf 86' lang='lat' dir='ltr'><strong>Legibus,</strong></span> <span class='ocrx_word' id='word_1_566' title='bbox 3103 3583 3271 3648; x_wconf 91' lang='lat' dir='ltr'><strong>unde</strong></span> <span class='ocrx_word' id='word_1_567' title='bbox 3311 3582 3516 3648; x_wconf 91' lang='lat' dir='ltr'><strong>locum</strong></span> <span class='ocrx_word' id='word_1_568' title='bbox 3545 3583 3609 3648; x_wconf 91' lang='lat' dir='ltr'><strong>in</strong></span> <span class='ocrx_word' id='word_1_569' title='bbox 3644 3583 3897 3649; x_wconf 89' lang='lat' dir='ltr'><strong>titulum</strong></span> <span class='ocrx_word' id='word_1_570' title='bbox 3940 3584 4020 3649; x_wconf 91' lang='lat' dir='ltr'><strong>de</strong></span> <span class='ocrx_word' id='word_1_571' title='bbox 4061 3585 4444 3652; x_wconf 86' lang='lat' dir='ltr'><strong>beatitudine</strong></span> 
     </span>
     <span class='ocr_line' id='line_1_80' title="bbox 2769 3685 4442 3777; baseline 0.003 -27"><span class='ocrx_word' id='word_1_572' title='bbox 2769 3685 2981 3751; x_wconf 90' lang='lat' dir='ltr'><strong>retulit</strong></span> <span class='ocrx_word' id='word_1_573' title='bbox 3010 3686 3295 3751; x_wconf 83' lang='lat' dir='ltr'><strong>Stobaeus</strong></span> <span class='ocrx_word' id='word_1_574' title='bbox 3326 3685 3654 3773; x_wconf 84' lang='lat' dir='ltr'><strong>(Florileg.</strong></span> <span class='ocrx_word' id='word_1_575' title='bbox 3686 3688 3775 3751; x_wconf 90' lang='grc' dir='ltr'><strong>Τ.</strong></span> <span class='ocrx_word' id='word_1_576' title='bbox 3809 3706 3951 3773; x_wconf 89' lang='grc'><strong>103.</strong></span> <span class='ocrx_word' id='word_1_577' title='bbox 3982 3688 4039 3771; x_wconf 64' lang='grc' dir='ltr'><strong>ξ.</strong></span> <span class='ocrx_word' id='word_1_578' title='bbox 4064 3708 4170 3773; x_wconf 93' lang='grc'><strong>30.</strong></span> <span class='ocrx_word' id='word_1_579' title='bbox 4201 3712 4268 3777; x_wconf 92' lang='lat' dir='ltr'><strong>p.</strong></span> <span class='ocrx_word' id='word_1_580' title='bbox 4289 3707 4442 3776; x_wconf 85' lang='lat'><strong>347.</strong></span> 
     </span>
     <span class='ocr_line' id='line_1_81' title="bbox 2774 3787 4442 3879; baseline 0.001 -25"><span class='ocrx_word' id='word_1_581' title='bbox 2774 3788 2974 3854; x_wconf 88' lang='lat' dir='ltr'><strong>Gaisf.</strong></span> <span class='ocrx_word' id='word_1_582' title='bbox 3017 3787 3156 3853; x_wconf 88' lang='lat' dir='ltr'><strong>coll.</strong></span> <span class='ocrx_word' id='word_1_583' title='bbox 3188 3788 3343 3854; x_wconf 88' lang='lat' dir='ltr'><strong>Plat.</strong></span> <span class='ocrx_word' id='word_1_584' title='bbox 3371 3788 3453 3853; x_wconf 91' lang='lat' dir='ltr'><strong>de</strong></span> <span class='ocrx_word' id='word_1_585' title='bbox 3482 3789 3686 3877; x_wconf 85' lang='lat' dir='ltr'><strong>Legg.</strong></span> <span class='ocrx_word' id='word_1_586' title='bbox 3710 3790 3908 3853; x_wconf 89' lang='lat' dir='ltr'><strong>VIII.</strong></span> <span class='ocrx_word' id='word_1_587' title='bbox 3954 3812 4020 3877; x_wconf 94' lang='lat' dir='ltr'><strong>p.</strong></span> <span class='ocrx_word' id='word_1_588' title='bbox 4052 3790 4197 3875; x_wconf 87' lang='lat'><strong>829.</strong></span> <span class='ocrx_word' id='word_1_589' title='bbox 4242 3814 4308 3879; x_wconf 93' lang='lat' dir='ltr'><strong>p.</strong></span> <span class='ocrx_word' id='word_1_590' title='bbox 4341 3794 4442 3877; x_wconf 90' lang='lat'><strong>76.</strong></span> 
     </span>
     <span class='ocr_line' id='line_1_82' title="bbox 2773 3890 4447 3976; baseline 0 -19"><span class='ocrx_word' id='word_1_591' title='bbox 2773 3890 3075 3975; x_wconf 88' lang='lat' dir='ltr'><strong>Bekker.)</strong></span> <span class='ocrx_word' id='word_1_592' title='bbox 3117 3891 3451 3957; x_wconf 87' lang='lat' dir='ltr'><strong>Philebum</strong></span> <span class='ocrx_word' id='word_1_593' title='bbox 3497 3891 3626 3975; x_wconf 90' lang='lat' dir='ltr'><strong>(cui</strong></span> <span class='ocrx_word' id='word_1_594' title='bbox 3669 3890 3894 3956; x_wconf 88' lang='lat' dir='ltr'><strong>adhibe</strong></span> <span class='ocrx_word' id='word_1_595' title='bbox 3939 3892 4447 3976; x_wconf 83' lang='lat' dir='ltr'><strong>Baumgarten—</strong></span> 
     </span>
     <span class='ocr_line' id='line_1_83' title="bbox 2773 3993 4441 4081; baseline 0 -21"><span class='ocrx_word' id='word_1_596' title='bbox 2773 3993 2979 4060; x_wconf 88' lang='lat' dir='ltr'><strong>Crusii</strong></span> <span class='ocrx_word' id='word_1_597' title='bbox 3000 3995 3263 4059; x_wconf 88' lang='lat' dir='ltr'><strong>Dissert.</strong></span> <span class='ocrx_word' id='word_1_598' title='bbox 3295 3994 3375 4059; x_wconf 89' lang='grc'><strong>110</strong></span> <span class='ocrx_word' id='word_1_599' title='bbox 3400 3993 3656 4060; x_wconf 90' lang='lat' dir='ltr'><strong>Philebo</strong></span> <span class='ocrx_word' id='word_1_600' title='bbox 3681 3993 4020 4059; x_wconf 89' lang='lat' dir='ltr'><strong>Platonico.</strong></span> <span class='ocrx_word' id='word_1_601' title='bbox 4067 3993 4245 4081; x_wconf 91' lang='lat' dir='ltr'><strong>Lips.</strong></span> <span class='ocrx_word' id='word_1_602' title='bbox 4264 3996 4441 4060; x_wconf 89' lang='lat'><strong>1816.</strong></span> 
     </span>
     <span class='ocr_line' id='line_1_84' title="bbox 2771 4094 4448 4186; baseline 0.001 -24"><span class='ocrx_word' id='word_1_603' title='bbox 2771 4120 2837 4186; x_wconf 93' lang='lat' dir='ltr'><strong>p.</strong></span> <span class='ocrx_word' id='word_1_604' title='bbox 2863 4116 2932 4179; x_wconf 88' lang='lat'><strong>4.</strong></span> <span class='ocrx_word' id='word_1_605' title='bbox 2976 4120 3108 4184; x_wconf 88' lang='lat' dir='ltr'><strong>sqq.</strong></span> <span class='ocrx_word' id='word_1_606' title='bbox 3155 4109 3218 4161; x_wconf 90' lang='lat' dir='ltr'><strong>et</strong></span> <span class='ocrx_word' id='word_1_607' title='bbox 3264 4096 3651 4162; x_wconf 87' lang='lat' dir='ltr'><strong>Stallbaumii</strong></span> <span class='ocrx_word' id='word_1_608' title='bbox 3696 4094 4113 4182; x_wconf 83' lang='lat' dir='ltr'><strong>Prolegomm.</strong></span> <span class='ocrx_word' id='word_1_609' title='bbox 4145 4096 4209 4159; x_wconf 92' lang='lat' dir='ltr'><strong>in</strong></span> <span class='ocrx_word' id='word_1_610' title='bbox 4239 4096 4448 4163; x_wconf 89' lang='lat' dir='ltr'><strong>Phile-</strong></span> 
     </span>
     <span class='ocr_line' id='line_1_85' title="bbox 2770 4196 4439 4287; baseline 0.001 -22"><span class='ocrx_word' id='word_1_611' title='bbox 2770 4200 2925 4265; x_wconf 91' lang='lat' dir='ltr'><strong>bum</strong></span> <span class='ocrx_word' id='word_1_612' title='bbox 2952 4222 3015 4287; x_wconf 97' lang='lat' dir='ltr'><strong>p.</strong></span> <span class='ocrx_word' id='word_1_613' title='bbox 3040 4219 3144 4284; x_wconf 85' lang='grc'><strong>23.</strong></span> <span class='ocrx_word' id='word_1_614' title='bbox 3174 4222 3266 4286; x_wconf 89' lang='lat' dir='ltr'><strong>sq.</strong></span> <span class='ocrx_word' id='word_1_615' title='bbox 3317 4198 3429 4264; x_wconf 96' lang='lat' dir='ltr'><strong>Ad</strong></span> <span class='ocrx_word' id='word_1_616' title='bbox 3460 4203 3629 4263; x_wconf 84' lang='grc' dir='ltr'>τοῦτο</span> <span class='ocrx_word' id='word_1_617' title='bbox 3659 4196 3932 4285; x_wconf 85' lang='lat' dir='ltr'><strong>intellige</strong></span> <span class='ocrx_word' id='word_1_618' title='bbox 3959 4197 4026 4261; x_wconf 86' lang='grc' dir='ltr'><strong>τὸ</strong></span> <span class='ocrx_word' id='word_1_619' title='bbox 4058 4199 4439 4279; x_wconf 73' lang='grc' dir='ltr'>εὐδαιμονεῖν.</span> 
     </span>
    </p>

    <p class='ocr_par' dir='ltr' id='par_1_12' title="bbox 2769 4298 4447 4803">
     <span class='ocr_line' id='line_1_86' title="bbox 2856 4298 4441 4390; baseline 0.003 -24"><span class='ocrx_word' id='word_1_620' title='bbox 2856 4324 2922 4390; x_wconf 93' lang='lat' dir='ltr'><strong>p.</strong></span> <span class='ocrx_word' id='word_1_621' title='bbox 2957 4304 3062 4388; x_wconf 83' lang='lat'><strong>65,</strong></span> <span class='ocrx_word' id='word_1_622' title='bbox 3101 4322 3157 4365; x_wconf 92' lang='lat'><strong>1.</strong></span> <span class='ocrx_word' id='word_1_623' title='bbox 3204 4301 3721 4385; x_wconf 74' lang='grc' dir='ltr'>κρίνειν-ζητεῖν]</span> <span class='ocrx_word' id='word_1_624' title='bbox 3773 4298 4185 4386; x_wconf 85' lang='lat' dir='ltr'><strong>Engelhardt.</strong></span> <span class='ocrx_word' id='word_1_625' title='bbox 4215 4303 4441 4370; x_wconf 86' lang='lat' dir='ltr'><strong>vertit:</strong></span> 
     </span>
     <span class='ocr_line' id='line_1_87' title="bbox 2772 4402 4447 4492; baseline 0.003 -23"><span class='ocrx_word' id='word_1_626' title='bbox 2772 4412 2816 4443; x_wconf 88' lang='lat'><strong>“</strong></span> <span class='ocrx_word' id='word_1_627' title='bbox 2845 4403 3181 4492; x_wconf 79' lang='lat' dir='ltr'><strong>praecipere</strong></span> <span class='ocrx_word' id='word_1_628' title='bbox 3205 4403 3411 4483; x_wconf 86' lang='lat' dir='ltr'><strong>beato,</strong></span> <span class='ocrx_word' id='word_1_629' title='bbox 3434 4416 3508 4467; x_wconf 90' lang='lat' dir='ltr'><strong>ut</strong></span> <span class='ocrx_word' id='word_1_630' title='bbox 3534 4402 3654 4467; x_wconf 89' lang='lat' dir='ltr'><strong>alia</strong></span> <span class='ocrx_word' id='word_1_631' title='bbox 3681 4403 3983 4490; x_wconf 85' lang='lat' dir='ltr'><strong>quaerat,”</strong></span> <span class='ocrx_word' id='word_1_632' title='bbox 3998 4403 4169 4489; x_wconf 92' lang='lat' dir='ltr'><strong>quod</strong></span> <span class='ocrx_word' id='word_1_633' title='bbox 4200 4428 4324 4472; x_wconf 91' lang='lat' dir='ltr'><strong>non</strong></span> <span class='ocrx_word' id='word_1_634' title='bbox 4353 4423 4447 4474; x_wconf 88' lang='grc'><strong>081</strong></span> 
     </span>
     <span class='ocr_line' id='line_1_88' title="bbox 2769 4504 4444 4598; baseline 0.003 -26"><span class='ocrx_word' id='word_1_635' title='bbox 2769 4528 3033 4587; x_wconf 86' lang='lat' dir='ltr'><strong>necesse,</strong></span> <span class='ocrx_word' id='word_1_636' title='bbox 3060 4521 3123 4572; x_wconf 92' lang='grc'><strong>01</strong></span> <span class='ocrx_word' id='word_1_637' title='bbox 3164 4505 3551 4582; x_wconf 88' lang='lat' dir='ltr'><strong>crediderim,</strong></span> <span class='ocrx_word' id='word_1_638' title='bbox 3582 4505 3699 4570; x_wconf 94' lang='lat' dir='ltr'><strong>hoc</strong></span> <span class='ocrx_word' id='word_1_639' title='bbox 3739 4504 3789 4570; x_wconf 90' lang='lat' dir='ltr'><strong>si</strong></span> <span class='ocrx_word' id='word_1_640' title='bbox 3827 4504 4121 4574; x_wconf 86' lang='lat' dir='ltr'><strong>voluisset</strong></span> <span class='ocrx_word' id='word_1_641' title='bbox 4163 4510 4444 4598; x_wconf 90' lang='lat' dir='ltr'><strong>scriptor,</strong></span> 
     </span>
     <span class='ocr_line' id='line_1_89' title="bbox 2770 4609 4445 4698; baseline 0.003 -23"><span class='ocrx_word' id='word_1_642' title='bbox 2770 4610 2981 4698; x_wconf 86' lang='lat' dir='ltr'><strong>potius</strong></span> <span class='ocrx_word' id='word_1_643' title='bbox 3044 4609 3334 4688; x_wconf 91' lang='lat' dir='ltr'><strong>dedisset,</strong></span> <span class='ocrx_word' id='word_1_644' title='bbox 3394 4612 3474 4695; x_wconf 69' lang='grc' dir='ltr'><strong>τῷ</strong></span> <span class='ocrx_word' id='word_1_645' title='bbox 3533 4609 4215 4692; x_wconf 75' lang='grc' dir='ltr'>εὐδαίμονι-ζητητέον</span> <span class='ocrx_word' id='word_1_646' title='bbox 4272 4613 4445 4679; x_wconf 74' lang='grc' dir='ltr'>εἶναι.</span> 
     </span>
     <span class='ocr_line' id='line_1_90' title="bbox 2770 4711 4049 4803; baseline 0 -25"><span class='ocrx_word' id='word_1_647' title='bbox 2770 4712 3002 4803; x_wconf 87' lang='lat' dir='ltr'><strong>Taylor</strong></span> <span class='ocrx_word' id='word_1_648' title='bbox 3028 4712 3164 4778; x_wconf 85' lang='lat' dir='ltr'><strong>boec</strong></span> <span class='ocrx_word' id='word_1_649' title='bbox 3189 4711 3394 4777; x_wconf 90' lang='lat' dir='ltr'><strong>minus</strong></span> <span class='ocrx_word' id='word_1_650' title='bbox 3421 4725 3702 4776; x_wconf 89' lang='lat' dir='ltr'><strong>accurate</strong></span> <span class='ocrx_word' id='word_1_651' title='bbox 3730 4712 4049 4800; x_wconf 85' lang='lat' dir='ltr'><strong>expressit.</strong></span> 
     </span>
    </p>

    <p class='ocr_par' dir='ltr' id='par_1_13' title="bbox 2772 4815 4451 5516">
     <span class='ocr_line' id='line_1_91' title="bbox 2855 4815 4444 4905; baseline 0.001 -24"><span class='ocrx_word' id='word_1_652' title='bbox 2855 4853 2942 4865; x_wconf 92' lang='lat'>—</span> <span class='ocrx_word' id='word_1_653' title='bbox 2964 4835 3019 4883; x_wconf 86' lang='lat'><strong>2.</strong></span> <span class='ocrx_word' id='word_1_654' title='bbox 3065 4818 3142 4880; x_wconf 75' lang='lat' dir='ltr'><strong>El</strong></span> <span class='ocrx_word' id='word_1_655' title='bbox 3179 4816 3291 4895; x_wconf 75' lang='grc' dir='ltr'>μὲν</span> <span class='ocrx_word' id='word_1_656' title='bbox 3317 4817 3433 4897; x_wconf 71' lang='grc' dir='ltr'><strong>γὰρ</strong></span> <span class='ocrx_word' id='word_1_657' title='bbox 3460 4815 3829 4897; x_wconf 80' lang='grc' dir='ltr'>συμφόρησις</span> <span class='ocrx_word' id='word_1_658' title='bbox 3871 4843 3923 4881; x_wconf 80' lang='grc' dir='ltr'><strong>κ.</strong></span> <span class='ocrx_word' id='word_1_659' title='bbox 3946 4842 4000 4882; x_wconf 89' lang='grc' dir='ltr'><strong>τ.</strong></span> <span class='ocrx_word' id='word_1_660' title='bbox 4016 4818 4113 4905; x_wconf 84' lang='grc' dir='ltr'><strong>λ.]</strong></span> <span class='ocrx_word' id='word_1_661' title='bbox 4162 4820 4322 4883; x_wconf 78' lang='lat' dir='ltr'><strong>Haec</strong></span> <span class='ocrx_word' id='word_1_662' title='bbox 4360 4819 4444 4883; x_wconf 87' lang='lat' dir='ltr'><strong>ad</strong></span> 
     </span>
     <span class='ocr_line' id='line_1_92' title="bbox 2772 4916 4446 4986; baseline 0.002 -3"><span class='ocrx_word' id='word_1_663' title='bbox 2772 4918 3029 4984; x_wconf 87' lang='lat' dir='ltr'><strong>verbum</strong></span> <span class='ocrx_word' id='word_1_664' title='bbox 3057 4918 3145 4984; x_wconf 89' lang='lat' dir='ltr'><strong>ita</strong></span> <span class='ocrx_word' id='word_1_665' title='bbox 3165 4916 3462 4982; x_wconf 85' lang='lat' dir='ltr'><strong>vertenda</strong></span> <span class='ocrx_word' id='word_1_666' title='bbox 3481 4932 3681 4982; x_wconf 88' lang='lat' dir='ltr'><strong>erant:</strong></span> <span class='ocrx_word' id='word_1_667' title='bbox 3717 4924 3760 4958; x_wconf 77' lang='lat'><strong>‘⁴</strong></span> <span class='ocrx_word' id='word_1_668' title='bbox 3782 4918 3948 4984; x_wconf 91' lang='lat' dir='ltr'><strong>Nam</strong></span> <span class='ocrx_word' id='word_1_669' title='bbox 3978 4918 4026 4983; x_wconf 89' lang='lat' dir='ltr'><strong>si</strong></span> <span class='ocrx_word' id='word_1_670' title='bbox 4060 4919 4318 4984; x_wconf 88' lang='lat' dir='ltr'><strong>beatitas</strong></span> <span class='ocrx_word' id='word_1_671' title='bbox 4344 4943 4446 4986; x_wconf 89' lang='lat' dir='ltr'><strong>ac-</strong></span> 
     </span>
     <span class='ocr_line' id='line_1_93' title="bbox 2773 5020 4444 5090; baseline 0.002 -4"><span class='ocrx_word' id='word_1_672' title='bbox 2773 5020 3112 5087; x_wconf 89' lang='lat' dir='ltr'><strong>cumulatio</strong></span> <span class='ocrx_word' id='word_1_673' title='bbox 3130 5033 3288 5085; x_wconf 91' lang='lat' dir='ltr'><strong>esset</strong></span> <span class='ocrx_word' id='word_1_674' title='bbox 3316 5020 3623 5084; x_wconf 90' lang='lat' dir='ltr'><strong>bonorum</strong></span> <span class='ocrx_word' id='word_1_675' title='bbox 3644 5035 3707 5085; x_wconf 91' lang='lat' dir='ltr'><strong>et</strong></span> <span class='ocrx_word' id='word_1_676' title='bbox 3734 5020 4209 5086; x_wconf 88' lang='lat' dir='ltr'><strong>necessariorum</strong></span> <span class='ocrx_word' id='word_1_677' title='bbox 4231 5036 4295 5087; x_wconf 93' lang='lat' dir='ltr'><strong>et</strong></span> <span class='ocrx_word' id='word_1_678' title='bbox 4321 5045 4444 5090; x_wconf 89' lang='grc'><strong>000</strong></span> 
     </span>
     <span class='ocr_line' id='line_1_94' title="bbox 2775 5121 4448 5210; baseline 0.002 -23"><span class='ocrx_word' id='word_1_679' title='bbox 2775 5123 3273 5201; x_wconf 88' lang='lat' dir='ltr'><strong>necessariorum,</strong></span> <span class='ocrx_word' id='word_1_680' title='bbox 3300 5122 3409 5187; x_wconf 88' lang='lat' dir='ltr'><strong>sed</strong></span> <span class='ocrx_word' id='word_1_681' title='bbox 3446 5146 3592 5210; x_wconf 83' lang='lat' dir='ltr'><strong>quae</strong></span> <span class='ocrx_word' id='word_1_682' title='bbox 3630 5138 3836 5188; x_wconf 88' lang='lat' dir='ltr'><strong>tamen</strong></span> <span class='ocrx_word' id='word_1_683' title='bbox 3878 5137 3942 5187; x_wconf 88' lang='lat' dir='ltr'><strong>et</strong></span> <span class='ocrx_word' id='word_1_684' title='bbox 3976 5121 4111 5209; x_wconf 87' lang='lat' dir='ltr'><strong>ipsa</strong></span> <span class='ocrx_word' id='word_1_685' title='bbox 4149 5122 4316 5188; x_wconf 91' lang='lat' dir='ltr'><strong>bona</strong></span> <span class='ocrx_word' id='word_1_686' title='bbox 4354 5125 4448 5190; x_wconf 89' lang='lat' dir='ltr'><strong>di-</strong></span> 
     </span>
     <span class='ocr_line' id='line_1_95' title="bbox 2775 5223 4447 5314; baseline 0.002 -23"><span class='ocrx_word' id='word_1_687' title='bbox 2775 5241 3024 5304; x_wconf 88' lang='lat' dir='ltr'><strong>cuntur,</strong></span> <span class='ocrx_word' id='word_1_688' title='bbox 3059 5239 3369 5314; x_wconf 88' lang='lat' dir='ltr'><strong>oporteret</strong></span> <span class='ocrx_word' id='word_1_689' title='bbox 3412 5225 3546 5291; x_wconf 82' lang='lat' dir='ltr'><strong>haec</strong></span> <span class='ocrx_word' id='word_1_690' title='bbox 3587 5226 3771 5291; x_wconf 86' lang='lat' dir='ltr'><strong>etiam</strong></span> <span class='ocrx_word' id='word_1_691' title='bbox 3815 5245 4031 5312; x_wconf 88' lang='lat' dir='ltr'><strong>parare</strong></span> <span class='ocrx_word' id='word_1_692' title='bbox 4073 5223 4323 5291; x_wconf 85' lang='lat' dir='ltr'><strong>studere</strong></span> <span class='ocrx_word' id='word_1_693' title='bbox 4368 5231 4447 5311; x_wconf 89' lang='lat' dir='ltr'><strong>(s.</strong></span> 
     </span>
     <span class='ocr_line' id='line_1_96' title="bbox 2777 5326 4451 5417; baseline 0.002 -25"><span class='ocrx_word' id='word_1_694' title='bbox 2777 5342 3088 5416; x_wconf 90' lang='lat' dir='ltr'><strong>oporteret</strong></span> <span class='ocrx_word' id='word_1_695' title='bbox 3115 5350 3228 5394; x_wconf 86' lang='lat' dir='ltr'><strong>nos</strong></span> <span class='ocrx_word' id='word_1_696' title='bbox 3255 5351 3508 5417; x_wconf 87' lang='lat' dir='ltr'><strong>operam</strong></span> <span class='ocrx_word' id='word_1_697' title='bbox 3537 5328 3706 5409; x_wconf 87' lang='lat' dir='ltr'><strong>dare,</strong></span> <span class='ocrx_word' id='word_1_698' title='bbox 3737 5343 3811 5393; x_wconf 90' lang='lat' dir='ltr'><strong>ut</strong></span> <span class='ocrx_word' id='word_1_699' title='bbox 3840 5326 3972 5390; x_wconf 87' lang='lat' dir='ltr'><strong>haec</strong></span> <span class='ocrx_word' id='word_1_700' title='bbox 3998 5348 4251 5413; x_wconf 91' lang='lat' dir='ltr'><strong>quoque</strong></span> <span class='ocrx_word' id='word_1_701' title='bbox 4278 5327 4451 5396; x_wconf 87' lang='lat' dir='ltr'><strong>ades-</strong></span> 
     </span>
     <span class='ocr_line' id='line_1_97' title="bbox 2778 5431 3005 5516; baseline -0.004 -20"><span class='ocrx_word' id='word_1_702' title='bbox 2778 5434 2941 5516; x_wconf 86' lang='grc'><strong>8001)</strong></span> <span class='ocrx_word' id='word_1_703' title='bbox 2951 5431 3005 5495; x_wconf 83' lang='grc'><strong>.”</strong></span> 
     </span>
    </p>

    <p class='ocr_par' dir='ltr' id='par_1_14' title="bbox 2862 5530 4451 5618">
     <span class='ocr_line' id='line_1_98' title="bbox 2862 5530 4451 5618; baseline 0.003 -20"><span class='ocrx_word' id='word_1_704' title='bbox 2862 5553 3024 5615; x_wconf 91' lang='lat'><strong>—4.</strong></span> <span class='ocrx_word' id='word_1_705' title='bbox 3072 5532 3139 5598; x_wconf 85' lang='grc' dir='ltr'><strong>τὸ</strong></span> <span class='ocrx_word' id='word_1_706' title='bbox 3188 5533 3362 5603; x_wconf 92' lang='grc' dir='ltr'>τέλος</span> <span class='ocrx_word' id='word_1_707' title='bbox 3410 5535 3478 5600; x_wconf 82' lang='grc' dir='ltr'>ἔν</span> <span class='ocrx_word' id='word_1_708' title='bbox 3520 5532 3730 5599; x_wconf 79' lang='grc' dir='ltr'>τι-οὔ</span> <span class='ocrx_word' id='word_1_709' title='bbox 3773 5530 4001 5618; x_wconf 71' lang='grc' dir='ltr'>πολλὰ]</span> <span class='ocrx_word' id='word_1_710' title='bbox 4050 5530 4154 5597; x_wconf 86' lang='lat' dir='ltr'><strong>Cf.</strong></span> <span class='ocrx_word' id='word_1_711' title='bbox 4189 5533 4323 5602; x_wconf 88' lang='lat' dir='ltr'><strong>Cic.</strong></span> <span class='ocrx_word' id='word_1_712' title='bbox 4371 5535 4451 5601; x_wconf 93' lang='lat' dir='ltr'><strong>de</strong></span> 
     </span>
    </p>
   </div>
  </div>
 </body>
</html>
