5118 6613
1343 575 1537 643 LIB.
1587 579 1685 644 11.
1736 578 2191 645 ENNEAD.
2244 577 2712 649 TERTIAE.
2760 606 2822 672 p.
2853 585 3221 673 482—485.
3901 608 4018 675 153

533 744 765 811 Pollux
802 747 921 811 lv.
960 765 1099 829 124.
1139 748 1258 814 VI.
1299 752 1438 835 165.
1511 750 1785 815 Romani
1826 765 2096 817 actorem
2142 750 2237 816 di-

530 848 755 913 cebant
798 849 1169 937 primarum,
1220 851 1658 932 secundarum,
1711 853 2033 918 tertiarum
2093 878 2237 943 par-

2321 751 2508 834 dan0,
2569 772 2633 821 et
2687 757 2930 847 Taylor
2982 757 3441 846 perspicuitatis
3497 780 3685 824 causa
3732 759 4015 826 addidit:

2319 856 2421 921 the
2460 859 2683 946 world)
2729 860 3043 949 quidquid
3087 861 3430 926 secundum
3476 875 3715 949 partem
3759 862 4016 928 imitun-

532 954 712 1019 tium.
761 953 985 1020 Cicero
1015 955 1382 1021 Divinat.in
1404 956 1616 1022 Caecil.
1651 981 1703 1022 0.
1736 974 1835 1043 15.
1863 981 1982 1047 pro
2001 958 2233 1025 Flacco
2318 974 2425 1025 tur
2474 962 2736 1046 (scenice
2774 966 2996 1051 agunt)
3040 962 3322 1029 homines
3363 963 3674 1052 poeticam
3716 965 4018 1032 habentes

527 1082 582 1122 c.
638 1072 742 1140 27.
794 1057 879 1122 cf.
940 1058 1193 1123 Ernesti
1243 1058 1342 1124 Cl.
1396 1059 1527 1124 Cic.
1580 1059 1646 1124 in
1687 1082 1869 1150 pars.
1963 1061 2229 1127 Lucian.

526 1159 868 1224 Alexandr.
919 1184 975 1224 0.
1031 1178 1130 1226 12.
1185 1184 1250 1250 p.
1307 1180 1453 1227 220.
1501 1163 1778 1229 IVetsh:
1829 1166 1977 1229 κατὰ
2026 1163 2229 1248 καιρὸν

528 1267 1044 1348 ἐπιφανησόμενος
1071 1265 1284 1340 αὐτοῖς,
1312 1266 1407 1329 καὶ
1434 1266 1964 1354 συντραγῳδήσων,
1987 1273 2225 1348 μᾶλλον

527 1370 592 1433 δὲ
619 1367 1113 1451 πρωταγωνιστὴς
1135 1369 1439 1448 ἐσόμενος.
1518 1368 1700 1433 Idem
1728 1369 1809 1434 de
1839 1369 2129 1436 Calumn.
2161 1386 2221 1455 7.

526 1494 587 1558 p.
626 1490 765 1557 134.
812 1476 1065 1553 Πρῶτον
1089 1471 1204 1551 μὲν
1226 1470 1315 1550 δὴ,
1352 1472 1406 1535 εἰ
1434 1475 1612 1546 δοκεῖ,
1643 1472 2085 1557 παραγάγωμεν
2113 1473 2222 1537 τὸν

523 1575 1023 1659 πρωταγωνιστὴν
1052 1578 1157 1639 τοῦ
1190 1573 1500 1657 δράματος,
1530 1575 1694 1659 λέγω
1725 1579 1790 1641 δὲ
1818 1577 1926 1642 τὸν
1952 1577 2216 1658 ποιητὴν.

523 1682 624 1757 τῆς
644 1673 947 1758 διαβολῆς.
998 1676 1106 1740 ubi
1128 1676 1274 1741 vide
1300 1679 1444 1742 Jac.
1486 1679 1683 1743 Tomi
1712 1694 1926 1744 annot.
1975 1681 2216 1744 Consu-

521 1778 689 1844 lendi
730 1780 986 1867 insuper
1027 1779 1087 1842 1.
1119 1780 1229 1844 Fr.
1262 1779 1568 1845 Gronovii
1600 1782 1785 1846 Obss.
1815 1780 1879 1844 in
1900 1781 2215 1870 scriptorr.

521 1883 735 1949 eccleS.
794 1907 933 1971 cap.
988 1884 1222 1947 XXV.
1280 1907 1346 1971 p.
1402 1885 1546 1970 285.
1609 1907 1748 1972 sqq.
1821 1885 2214 1951 Valckenaer.

522 1986 727 2051 Diatr.
773 1985 1002 2073 Eurip.
1048 2009 1099 2050 c.
1136 1971 1414 2052 XVIII.
1463 2010 1531 2075 p.
1570 1988 1712 2053 182.
1760 1986 2095 2076 Tyrwhitt.
2133 1989 2218 2053 ad

523 2088 846 2154 Aristotel.
904 2090 1081 2154 Poet.
1144 2108 1287 2176 133.
1350 2090 1728 2155 Eichstaedt.
1785 2090 1867 2155 de
1923 2091 2213 2155 Dramat.

516 2216 674 2259 com.
698 2209 893 2282 satyr.
916 2217 982 2282 p.
1004 2213 1109 2278 97.
1141 2209 1205 2258 et
1224 2195 1578 2284 Boettz'geri
1603 2196 1957 2260 Comment.
1982 2223 1995 2258 :
2042 2195 2211 2275 Quid

516 2298 594 2363 sit
614 2298 840 2363 docere
860 2297 1137 2362 fabulam
1173 2300 1234 2362 I.
1266 2321 1335 2386 p.
1373 2319 1470 2385 15.
1536 2300 1604 2364 A
1634 2321 1816 2364 scena
1839 2315 2048 2364 autem
2080 2298 2212 2363 illo-

515 2424 655 2467 rum
701 2401 1150 2466 vocabulorum
1197 2425 1348 2467 usus
1385 2402 1466 2468 ad
1514 2402 1846 2468 oratoriam
1889 2417 2086 2469 artem
2116 2419 2211 2469 est

444 2511 448 2518 '
515 2506 867 2584 traductuS,
891 2505 1257 2571 observante
1280 2507 1359 2571 F.
1382 2508 1462 2571 A.
1492 2507 1677 2594 Wolf?
1696 2506 1761 2570 in
1785 2506 2207 2596 Prolegomm.

513 2609 575 2673 in
621 2608 955 2675 Demosth.
1002 2609 1191 2697 Lept.
1239 2610 1585 2674 XLVIII.
1620 2623 1755 2674 not.
1812 2629 1906 2694 17.
1954 2610 2214 2676 Adscri-

512 2713 654 2777 bam
699 2710 862 2776 duos
904 2710 1069 2775 locos
1116 2710 1654 2800 philosophorum,
1697 2712 1930 2800 quibus
1979 2714 2213 2801 pariter

511 2832 702 2904 atque
731 2814 986 2880 Plotino
1022 2816 1156 2880 haec
1194 2814 1537 2880 similitudo
1570 2816 1652 2880 ad
1690 2816 2037 2903 graviorem
2070 2842 2208 2883 sen·

513 2919 770 2986 tentiam
792 2918 1223 2985 illustrandam
1254 2919 1634 3000 adhibetur3
1681 2919 2010 2985 Plutarchi
2041 2924 2211 2988 Prae-

509 3039 701 3114 ceptt.
727 3046 859 3113 ger.
892 3024 1047 3111 reip.
1077 3047 1143 3111 p.
1177 3024 1325 3088 816.
1349 3047 1443 3111 sq.
1475 3046 1535 3111 p.
1565 3043 1711 3106 274.
1745 3026 1998 3113 Wytt.:
2024 3024 2204 3091 'Aro-

508 3155 624 3194 πον
653 3128 771 3212 γάρ
802 3130 932 3193 ἔστι
974 3128 1081 3192 τὸν
1117 3129 1230 3208 μὲν
1275 3129 1342 3192 ἐν
1370 3130 1664 3216 τραγωὸία
1705 3132 2207 3213 πρωταγωνιστὴν

512 3233 832 3314 Θεόδωρον
863 3231 959 3294 καὶ
985 3235 1210 3293 Πῶλον
1227 3231 1375 3293 ὅντα
1393 3233 1666 3318 μισθωτῷ
1695 3236 1775 3319 τῷ
1798 3234 1873 3296 τὰ
1900 3234 2034 3317 τρία
2054 3232 2202 3323 (leg,

509 3338 675 3420 τρίτα
732 3356 878 3407 cum
924 3331 1264 3421 Xylandr.)
1325 3332 1569 3416 λέγοντι
1613 3334 1904 3403 πολλάκις
1956 3338 2208 3404 ἔπεσθαι

513 3439 606 3504 καὶ
654 3436 1204 3521 προσδιαλέγεσθαι
1248 3442 1555 3515 ταπεινῶς,
1604 3435 1681 3502 ἂν
1726 3440 1950 3507 ἐκεῖνος
1989 3441 2099 3525 ἔχῃ
2139 3442 2206 3506 τὸ

509 3542 756 3623 διάδημα
787 3542 883 3606 καὶ
920 3540 988 3605 τὸ
1029 3544 1348 3623 σκῆπτρον·
1397 3542 1466 3604 ἐν
1493 3542 1559 3604 δὲ
1585 3540 1875 3622 πράξεσιν
1902 3545 2208 3624 ἆληθιναῖς

511 3648 604 3712 καὶ
642 3646 936 3731 Πολιτείᾳ
979 3644 1087 3709 τὸν
1126 3644 1421 3708 πλούσιον
1462 3647 1560 3709 καὶ
1604 3644 1849 3725 ἔνδοξον
1891 3649 2206 3733 ὀλιγωρεῖν

513 3750 606 3814 καὶ
636 3752 1036 3830 καταφρονεῖν
1065 3747 1354 3829 ἄρχοντος
1384 3747 1613 3833 ἰδιώτου
1644 3747 1740 3811 καὶ
1766 3748 2036 3829 πένητος,
2071 3754 2201 3817 ἐνυ-

506 3854 788 3934 βρίζοντα
834 3851 927 3916 καὶ
971 3853 1361 3932 καθαιροῦντα
1399 3853 1479 3937 τῷ
1522 3851 1657 3932 περὶ
1700 3851 1882 3916 αὐτὸν
1926 3854 2207 3934 ἀξιώματι

506 3955 573 4019 τὸ
603 3959 707 4034 τῆς
732 3954 985 4030 πόλεως,
1010 3953 1173 4016 ἀλλὰ
1201 3951 1282 4032 μὴ
1308 3956 1547 4031 μᾶλλον
1565 3954 1818 4031 αὔξοντα
1837 3955 1932 4019 καὶ
1958 3981 2202 4039 προστι-

511 4057 690 4123 θέντα
733 4058 842 4138 τὴν
885 4055 983 4122 ἀπ’
1038 4057 1218 4121 αὐτοῦ
1259 4057 1437 4136 δόξαν
1485 4056 1579 4120 καὶ
1627 4058 1874 4137 δύναμιν
1906 4062 1975 4138 τῇ
2027 4061 2202 4144 ἇρχῇ.

505 4165 739 4228 Seneca
768 4160 849 4226 de
878 4157 1205 4224 Beneficiis
1234 4158 1334 4222 11.
1373 4176 1471 4243 29.
1502 4177 1562 4244 3.
1596 4180 1660 4246 p.
1692 4157 1792 4223 80.
1831 4160 2198 4249 Ruhkopf.:

505 4274 552 4307 “
581 4267 705 4332 Vix
737 4265 853 4331 sibi
882 4274 1253 4351 temperant,
1276 4262 1430 4349 quin
1460 4285 1537 4327 eo
1567 4286 1766 4350 usque
1794 4264 2203 4351 impudentiae

501 4368 952 4458 provehantur,
1003 4379 1078 4430 ut
1135 4377 1423 4429 naturam
1481 4364 1748 4445 oderint,
1808 4366 1981 4453 quod
2037 4367 2202 4433 infra

499 4473 651 4538 deos
694 4491 912 4535 sumus
953 4467 1124 4556 quod
1171 4489 1294 4531 non
1338 4466 1404 4530 in
1452 4490 1638 4555 aequo
1686 4466 1808 4532 illis
1854 4469 2026 4551 (fort.
2057 4492 2200 4535 cum

498 4578 658 4662 illis)
691 4573 992 4640 stetimus.
1083 4574 1337 4651 Quanto
1366 4570 1560 4635 satius
1587 4586 1681 4636 est
1704 4572 1785 4637 ad
1822 4575 2198 4662 contempla-

502 4682 732 4747 tionem
763 4692 859 4743 tot
880 4671 1331 4763 ‘tantorumque
1374 4675 1815 4740 beneficiorum
1854 4678 2103 4758 reverti,
2134 4696 2197 4744 et

498 4805 682 4873 agere
710 4779 965 4870 gratim,
991 4778 1165 4866 quod
1186 4798 1300 4842 nos
1327 4776 1391 4841 in
1412 4777 1533 4842 hoc
1551 4776 1973 4865 pulcherrimo
1995 4779 2195 4844 domi-

498 4886 636 4952 cilio
690 4883 1029 4949 voluerunt
1073 4881 1379 4948 secundas
1421 4882 1665 4960 sortiri,
1718 4881 1890 4969 quod
1940 4884 2196 4949 terrenis

500 4987 975 5080 praefecerunt.”
1606 5066 1611 5069 ,

581 5119 647 5183 p.
679 5092 834 5177 485,
872 5111 970 5155 10.
1021 5091 1088 5155 ἐν
1137 5092 1202 5154 δὲ
1261 5093 1341 5178 τῷ
1395 5089 2034 5177 ἀληθεστέρῳ-ψυχῆ
2081 5095 2193 5172 μὲν

496 5195 902 5283 ὑποκρίνεται]
951 5194 1058 5258 Ita
1085 5192 1301 5282 scripsi
1330 5191 1662 5257 maximam
1693 5206 1933 5280 partem
1956 5194 2189 5279 juben-

497 5304 661 5369 tibus
706 5297 884 5364 libris
940 5295 1246 5361 omnibus.
1338 5295 1527 5374 Quod
1568 5294 1632 5359 in
1678 5294 1776 5360 ed.
1825 5295 2044 5361 ordine
2098 5317 2191 5364 est

497 5409 782 5481 ἔκαστοις
832 5399 1080 5465 volebat
1121 5399 1422 5464 fortasse:
1473 5400 1745 5463 ἕκαστον.
1838 5400 2064 5488 Neque
2096 5418 2186 5467 ta-

495 5532 635 5576 men
665 5501 974 5593 expressit
1016 5502 1156 5568 Fic.
1234 5502 1447 5568 Locus
1489 5516 1699 5566 autem
1738 5501 1827 5566 ita
1853 5504 2193 5571 vertendus

496 5613 778 5680 videtur:
828 5613 877 5647 “
910 5604 1036 5672 Sed
1078 5607 1146 5671 in
1191 5604 1429 5672 veriore
1473 5621 1757 5692 poemate
1805 5605 1872 5690 (i.
1897 5631 1949 5672 e.
2004 5631 2190 5675 mun-

605 5718 804 5774 voL.
843 5715 970 5769 111.

2315 1080 2628 1144 naturam,
2660 1066 2725 1130 id
2765 1066 2973 1131 anima
3009 1066 3161 1155 agit,
3202 1090 3348 1154 quae
3377 1090 3527 1132 vero
3568 1068 3723 1156 agit,
3755 1081 3939 1133 nacta
3978 1092 4018 1134 a

2314 1178 2523 1255 poeta,
2563 1169 3098 1257 quemadmodum
3141 1170 3250 1257 qui
3295 1169 3398 1235 hic
3447 1170 3542 1254 (in
3594 1170 3820 1256 scenis)
3869 1187 4018 1238 sunt
4131 1245 4138 1252 ,

2312 1282 2516 1357 poetae
2549 1272 2774 1358 (nacti)
2806 1294 3124 1361 personaS‚
3151 1291 3428 1338 crocotas
3458 1273 3817 1361 lacerosque
3858 1296 4015 1363 pan-

2310 1395 2465 1449 nos;
2510 1374 2601 1440 ita
2636 1389 2699 1440 et
2743 1375 2878 1463 ipsa
2905 1375 3191 1441 fortunas
3235 1375 3424 1465 (agit)
3464 1392 3648 1442 nacta
3696 1380 3847 1461 (eas)
3884 1400 4011 1442 non

2311 1490 2542 1542 temere
2578 1482 2728 1563 (non
2759 1478 2891 1543 sine
2918 1478 3198 1562 consilio)
3223 1480 3290 1543 ?”

2392 1616 2479 1631 -—
2536 1602 2636 1668 13.
2700 1582 2806 1663 τὴν
2863 1584 3109 1662 ἐσθῆτα,
3183 1582 3318 1651 τοὺς
3387 1582 3708 1664 κροκωτοὺς
3774 1583 3869 1646 καὶ
3934 1586 4010 1647 τὸ,

2302 1682 2481 1772 ῥάκη]
2531 1685 2695 1750 Haec
2733 1683 2864 1750 duo
2901 1683 3208 1750 vocabula
3249 1699 3529 1750 extrema
3571 1685 3883 1773 pertinent
3924 1684 4009 1750 ad

2305 1785 2716 1852 differentiam
2760 1810 3168 1876 personarum
3220 1788 3603 1852 scenicarum
3642 1787 3739 1852 vel
3784 1787 4005 1852 loetan-

2304 1888 2461 1953 tium
2491 1889 2591 1954 vel
2619 1889 2986 1955 afflictorum
3019 1905 3083 1955 et
3111 1913 3460 1979 pauperum
3484 1916 3499 1955 :
3519 1919 3526 1924 ·
3550 1890 3726 1956 Hinc
3754 1893 3831 1955 τὰ
3856 1890 4005 1973 ῥάκη

2300 1991 2465 2057 inter
2520 1994 2889 2059 vestimenta
2933 2010 3273 2060 memorata
3337 1993 3599 2078 (Pollux
3651 1995 3810 2059 VII.
3862 1997 3996 2076 42.)

2304 2096 2576 2162 Cornicis
2632 2096 2860 2185 saepius
2916 2111 3306 2185 usurpantur
3363 2095 3444 2161 de
3502 2095 3707 2184 palliis
3762 2095 4000 2161 laceris.

2302 2199 2446 2266 Vid.
2489 2200 2679 2265 modo
2720 2200 3027 2288 Interprr.
3061 2200 3143 2265 ad
3174 2198 3585 2287 Aristophan.
3638 2199 3901 2264 Plutum
3933 2223 3992 2264 v.

2298 2322 2449 2387 540.
2492 2325 2557 2391 p.
2595 2303 2741 2386 284.
2777 2327 2868 2391 sq.
2932 2302 3126 2368 Beck.
3171 2318 3235 2369 et
3278 2326 3341 2368 v,
3396 2304 3583 2367 1066.
3628 2324 3689 2390 p.
3721 2302 3870 2387 580.
3905 2325 3995 2389 sq.

2299 2407 2567 2472 Crocota
2593 2421 2805 2472 autem
2834 2406 2962 2471 sive
2983 2406 3268 2490 κροκωτὸς
3287 2420 3422 2471 erat
3451 2405 3853 2470 Διονυσιακὸν
3881 2408 3994 2487 φό-

2293 2536 2469 2592 ρημα,
2501 2523 2576 2574 ut
2614 2509 2700 2575 ait
2746 2508 2952 2575 Schol.
2996 2509 3326 2597 Aristoph.
3369 2509 3536 2573 Ran.
3578 2510 3687 2589 46.
3724 2508 3807 2573 cf.
3850 2507 3997 2572 Pol-

2295 2611 2407 2676 lux
2455 2613 2574 2678 IV.
2617 2629 2760 2697 117.
2810 2635 2878 2701 p.
2917 2613 3064 2694 418.
3110 2628 3173 2677 et
3219 2609 3584 2677 Callixenus
3629 2610 3842 2675 Rhod.
3890 2633 3991 2699 ap.

2296 2716 2536 2782 Athen.
2599 2717 2676 2781 V.
2739 2739 2802 2804 p.
2873 2715 3018 2800 198.
3075 2716 3164 2779 D.
3252 2714 3451 2779 Plura
3506 2713 3816 2801 congessit
3872 2716 3991 2780 Ez.

2300 2819 2637 2906 Spanhem.
2683 2818 2766 2884 ad
2806 2818 3054 2883 Callim.
3100 2819 3196 2882 H.
3240 2817 3304 2882 in
3350 2816 3559 2904 Apoll.
3609 2818 3712 2903 83.
3805 2817 3996 2896 Quod

2299 2921 2722 2987 Ruhnkenius
2772 2933 2986 2986 autem
3046 2920 3130 2986 ad
3179 2920 3392 2986 Vellei.
3446 2921 3543 2984 ΙΙ.
3594 2921 3695 2986 82.
3740 2943 3809 3008 p.
3842 2923 3993 3005 346.

2292 3040 2705 3113 posteaquam
2748 3024 2829 3089 de
2886 3024 3138 3089 Baccho
3195 3023 3333 3112 ipso
3387 3037 3697 3088 crocotam
3756 3023 3995 3089 ferente

2292 3129 2558 3210 monuit,
2589 3129 2878 3217 subjicit:
2926 3135 2970 3168 “
2995 3126 3242 3193 Eadem
3263 3141 3435 3191 veste
3465 3126 3807 3191 utebantur
3838 3128 3998 3192 Bac-

2292 3231 2392 3297 chi
2423 3232 2700 3312 comiteS,
2728 3231 3126 3311 bacchanteS,
3157 3244 3222 3294 et
3250 3233 3311 3294 οἱ
3342 3231 3479 3312 περὶ
3509 3233 3815 3295 Διόνυσον
3856 3256 3996 3316 τεχ-

2293 3343 2468 3416 νῖται,
2514 3336 2645 3401 sive
2687 3336 3076 3414 histrioneS,”
3119 3335 3256 3400 haec
3297 3347 3613 3422 postrema
3655 3356 3871 3399 vereor
3913 3357 3992 3398 ne

2281 3439 2459 3527 justo
2484 3440 2674 3505 latius
2702 3441 3107 3527 pronuntiata
3135 3436 3279 3502 sint.
3370 3437 3599 3523 Neque
3642 3437 3808 3500 enim
3850 3436 3992 3500 uni-

2291 3566 2467 3608 verse
2496 3557 2559 3607 et
2589 3565 2832 3630 semper
2858 3540 3119 3606 crocotis
3145 3539 3487 3604 utebantur
3509 3538 3859 3618 histriones,
3881 3539 3993 3604 sed

2291 3646 2403 3711 ubi
2430 3644 2528 3711 vel
2574 3645 2895 3711 Bacchum
2943 3643 3405 3729 Bacchicosque
3448 3640 3717 3706 famulos
3749 3640 3850 3706 vel
3892 3641 3987 3708 fa·

2290 3749 2493 3816 mulas
2535 3748 3087 3839 repraesentabant,
3121 3745 3221 3810 vel
3266 3743 3611 3810 Herculem
3657 3743 3988 3832 Omphalae

2290 3853 2699 3919 famulantem
2750 3851 3106 3939 (Aristoph.
3157 3850 3320 3914 Ran.
3373 3850 3517 3935 45.)
3564 3848 3665 3913 vel
3724 3848 3988 3914 feminas

2288 3956 2449 4022 festa
2487 3970 2741 4044 agentes
2783 3954 2882 4020 vel
2925 3953 3216 4020 saltantes
3261 3951 3419 4036 (vid.
3467 3952 3675 4039 ipsum
3720 3951 3984 4017 Ruhnk.

2287 4059 2332 4123 l.
2356 4059 2402 4125 l.
2433 4059 2648 4148 ibique
2691 4057 2945 4143 laudd.)
2978 4056 3077 4121 vel
3110 4054 3448 4143 aliquando
3489 4054 3711 4119 heroas
3749 4054 3987 4120 validos

2288 4178 2353 4229 et
2380 4164 2682 4251 superbos
2716 4165 2819 4246 (ut
2848 4161 3177 4246 Meleagro
3212 4160 3492 4244 χλαμύδα
3521 4162 3867 4241 κοκκοβαφῇ
3897 4174 3989 4224 at-

2288 4267 2589 4333 tributam
2619 4292 2658 4332 a
2686 4266 2922 4355 pictore
2951 4264 3109 4330 vidit
3137 4277 3201 4328 et
3238 4261 3533 4328 describit
3570 4260 3989 4327 Philostratus

2285 4372 2447 4436 Jun.
2497 4372 2746 4457 Imagg.
2782 4370 2934 4434 XV.
2967 4392 3032 4456 p.
3072 4384 3213 4454 137.
3256 4365 3339 4432 ad
3385 4387 3575 4453 quem
3616 4363 3827 4429 locum
3870 4365 3982 4430 ad-

2285 4473 2433 4539 hibe
2475 4472 2750 4540 Jacobsii
2798 4486 3010 4537 annot.
3065 4494 3132 4559 p.
3164 4473 3346 4555 670.)
3395 4467 3723 4534 Feminam
3770 4480 3980 4533 autem

2283 4590 2530 4642 crocota
2558 4575 2846 4641 indutam
2889 4574 3142 4640 exhibet
3172 4573 3418 4661 pictura
3445 4571 3510 4635 in
3552 4569 3987 4636 Herculanen-

2284 4681 2455 4745 sibus
2506 4703 2545 4745 a
2622 4681 2729 4745 Jo.
2761 4678 3267 4743 Winckelmanno
3318 4673 3628 4764 explicata
3682 4673 3746 4738 in
3801 4674 3975 4740 Hist.

2284 4788 2433 4850 Art.
2480 4783 2678 4870 (opp.
2711 4781 2851 4847 Vol.
2885 4782 2963 4846 V.
3004 4804 3072 4869 p.
3111 4798 3251 4864 174.
3293 4776 3517 4843 novisS.
3566 4776 3669 4842 ed.
3714 4778 3979 4864 Dresd.)

2283 4889 2478 4968 Bene,
2527 4887 2579 4952 si
2615 4900 2780 4952 recte
2806 4884 3049 4972 judice,
3082 4886 3157 4949 C.
3181 4884 3262 4947 A.
3293 4882 3644 4970 Boettiger.
3685 4881 3750 4946 in
3787 4882 3983 4946 Idem

2279 5010 2402 5053 zur
2430 4986 2867 5073 Archaeologie
2894 4985 3008 5048 der
3037 4984 3309 5048 Halerei
3339 4983 3399 5046 1.
3429 5004 3491 5070 p.
3527 4983 3672 5067 265.
3724 4982 3808 5047 ad
3844 4983 3981 5048 hoec

2282 5091 2471 5157 Plinii
2503 5091 2597 5153 H.
2620 5090 2708 5154 N.
2744 5087 3093 5153 XXXIV.
3131 5107 3230 5172 13.
3260 5098 3405 5150 sect.
3440 5085 3562 5171 56:
3613 5091 3659 5124 “
3687 5084 3812 5149 Sile
3839 5085 3977 5172 pin-

2277 5218 2424 5283 gere
2482 5192 2808 5256 instituere
2867 5190 3263 5279 Polygnotus
3320 5202 3384 5253 et
3451 5187 3695 5266 Micon,
3754 5186 3974 5251 Attico

2279 5298 2611 5363 dumtaxat
2630 5296 2686 5358 :³³
2736 5294 2894 5359 Fuit
2948 5292 3296 5380 antiquitus
3351 5290 3555 5357 flavus
3610 5288 3709 5354 vel
3762 5289 3976 5376 potius

2278 5422 2531 5467 croceus
2558 5397 2729 5463 color
2766 5396 2979 5461 hilaris
3023 5410 3087 5461 et
3113 5396 3333 5474 festus,
3361 5408 3425 5459 et
3463 5393 3576 5480 qui
3617 5390 3882 5480 proinde
3909 5391 3977 5457 in

2276 5501 2511 5569 deliciis
2559 5510 2718 5565 esset
2764 5498 3116 5565 Atticarum
3164 5497 3576 5570 feminarum;
3623 5492 3795 5558 unde
3839 5516 3977 5561 cro·

2276 5615 2413 5674 cota
2443 5604 2610 5671 dicta
2638 5602 2977 5669 earundem
3007 5602 3193 5669 vestis
3224 5598 3524 5666 usitatior.
3617 5597 3792 5663 Hinc
3838 5624 3971 5681 κρο-

2382 5714 2444 5766 X

5057 5232 5068 5795 „*ss„ss——————
