5118 6613
1302 537 1501 604 LIB.
1547 539 1688 608 111.
1734 538 2183 604 ENNEAD.
2233 539 2762 605 SECUNDAE.
2806 561 2873 628 p.
2908 556 3265 628 242—245.

568 709 678 776 ubi
704 709 841 775 haec
867 707 1166 798 leguntur
1182 716 1342 774 :—“
1359 713 1454 777 At
1484 709 1871 777 Genethliaci
1898 710 1980 777 ad
2006 709 2244 776 divina·

567 814 795 879 tionem
841 812 1110 879 scientiae
1159 813 1495 880 coelestium
1540 813 1721 879 nimis
1763 813 2076 892 insistunt,
2120 828 2249 879 tam

566 916 841 1005 ipsorum
870 913 1230 993 caelestium‚
1263 939 1450 1004 quam
1482 916 1606 982 Dei
1647 915 1929 982 notitiam
1966 916 2250 1005 perdide-

566 1033 734 1085 runt.
826 1018 951 1097 Qui
980 1034 1185 1084 tamen
1212 1018 1374 1084 inter
1401 1043 1505 1084 eos
1525 1042 1709 1084 suum
1737 1019 2118 1084 commodius
2144 1042 2250 1084 ex-

564 1145 780 1188 cusare
821 1120 1114 1186 videntur
1157 1144 1447 1200 errorem,
1499 1145 1642 1187 cum
1686 1123 1938 1187 Pht-ino
1985 1121 2249 1186 auctori-

567 1239 757 1291 tatem
785 1246 1044 1310 operum
1074 1245 1195 1287 non
1235 1222 1572 1288 detrahunt
1600 1223 1877 1303 creatori,
1907 1222 2014 1287 sed
2058 1221 2242 1288 semel

566 1343 631 1393 et
659 1326 841 1392 simul
868 1326 948 1392 ab
988 1349 1063 1391 eo
1099 1324 1296 1413 legem
1343 1341 1624 1391 asserunt
1654 1325 2022 1406 institutam,
2052 1348 2241 1414 quam

565 1429 778 1495 nullus
834 1450 1109 1515 unquam
1166 1442 1424 1493 conatus
1478 1441 1759 1506 evacuat,
1816 1450 1961 1493 cum
2015 1427 2242 1507 omnia,

565 1556 709 1620 quae
735 1530 1038 1619 disposuit
1066 1531 1284 1596 futura
1311 1546 1477 1610 sunt,
1509 1545 1583 1596 ut
1609 1529 1949 1619 praedicit.”
2021 1532 2245 1619 Neque

566 1650 771 1701 tamen
828 1634 972 1699 inde
1027 1633 1389 1722 conjecerim
1451 1633 1573 1718 (uti
1632 1634 1820 1697 Frid.
1884 1634 2242 1722 Chr-iatoph.

565 1738 902 1805 Schloaeser.
949 1735 1098 1802 facit
1134 1735 1196 1801 in
1242 1736 1403 1801 libro
1444 1735 1773 1823 inscripto:
1833 1738 2084 1802 Vim-ent
2125 1757 2247 1801 von

564 1842 887 1905 Beauvais
912 1840 1339 1904 Hand—und
1367 1839 1836 1926 Lehrbuchfur
1862 1839 2250 1928 koenigliche

3927 561 4007 634 97

2331 733 2458 776 non
2499 725 2615 792 est,
2653 711 2827 798 quod
2868 734 3123 801 operose
3162 727 3595 780 monstremus.
3684 716 4014 785 Sallustius

2334 812 2693 879 Platonicus
2721 816 2801 880 de
2826 815 2969 881 Diis
2995 827 3060 880 et
3088 816 3343 882 Mundo
3372 840 3426 882 c.
3454 838 3515 903 9.
3541 841 3603 907 p.
3626 838 3729 905 34.
3762 819 4007 887 Orellii:
4075 839 4076 842 ’

2332 917 2410 983 ὥς
2435 917 2507 980 οὗ
2535 917 2730 983 πάντα
2756 920 3099 993 ποιούντων,
3132 921 3266 984 τινὰ
3291 921 3357 984 δὲ
3386 922 3791 1002 σημανάντων
3815 924 4013 1003 μόνων

2330 1025 2446 1084 τῶν
2476 1020 2743 1103 ἀστέρων
2771 1020 3087 1086 διδάσκειν.

2411 1145 2474 1211 p.
2497 1140 2648 1209 243,
2671 1137 2729 1206 7.
2755 1122 3190 1206 κέντρων-καὶ
3207 1124 3668 1213 ἀποκλίναντας]
3692 1124 3864 1190 Hinc
3885 1125 4013 1191 κέν-

2325 1250 2436 1307 τρα
2450 1239 2514 1290 et
2530 1226 2905 1305 ἀποκλίματα
2923 1224 3488 1291 Genethliacorum.
3519 1225 3641 1291 Illa
3658 1226 3869 1310 κέντρα
3885 1227 4013 1294 sive

2324 1326 2604 1392 cardines
2629 1326 2717 1391 illi
2747 1341 2923 1393 erant
2949 1341 3221 1415 quatuor
3250 1351 3458 1415 supra,
3492 1351 3570 1394 ex
3595 1329 3825 1417 quibus
3851 1353 4011 1418 prae-

2324 1429 2507 1517 cipue
2533 1429 2962 1518 praedictiones
2989 1430 3293 1518 parabant
3318 1431 3382 1496 in
3410 1432 3730 1519 genituris.
3780 1432 4013 1499 Unius-

2326 1532 2634 1620 cujusque
2689 1532 2912 1597 horum
2972 1532 3295 1598 cardinum
3354 1534 3599 1621 signum
3657 1537 4012 1623 praecedens

2334 1635 2656 1720 (προάγον)
2729 1635 3034 1700 vocabant
3088 1636 3555 1702 declinationem
3629 1640 4009 1727 (ἀπόκλιμα).

2331 1737 2473 1803 vid.
2511 1740 2680 1803 Sext.
2712 1738 2958 1826 Empir.
2986 1738 3130 1804 adv.
3156 1738 3367 1804 Math.
3387 1740 3466 1804 V.
3492 1759 3759 1824 12—14.
3781 1766 3842 1828 p.
3859 1762 4006 1828 340.

2332 1839 2482 1928 ibiq.
2538 1840 2785 1907 Fabric.
2835 1841 2946 1928 qui
2989 1841 3174 1907 etiam
3223 1839 3567 1930 horooeopii
3611 1843 3856 1909 schema
3903 1844 4012 1909 ad-

561 1944 844 2008 Prinzen
884 1943 1020 2006 und
1058 1943 1197 2007 ihre
1238 1943 1475 2007 Lehrer
1513 1944 1611 2007 II.
1642 1965 1710 2030 p.
1743 1943 1880 2027 68.)
1924 1941 2248 2008 Plotinum
2320 1943 2495 2030 jecit.
2568 1943 2670 2008 Cf.
2732 1942 2918 2009 etiam
2970 1943 3240 2009 Fabricii
3285 1944 3577 2033 Prolegg.
3632 1945 3715 2010 ad
3772 1947 4007 2012 Marini

563 2046 768 2135 ipsum
799 2046 880 2111 ab
915 2047 1153 2110 Ioanne
1195 2068 1325 2109 esse
1367 2044 1733 2126 lectitatum,
1770 2046 2022 2133 quando
2052 2045 2245 2133 hujus

564 2148 865 2215 sententia
904 2147 1186 2213 notitiam
1229 2172 1265 2212 e
1301 2147 1609 2213 Macrobii
1648 2147 1797 2213 locis
1828 2146 2095 2213 laudatis
2133 2171 2271 2236 po-.

564 2252 685 2318 tuit
712 2250 1184 2340 deprompsisse,
1213 2252 1395 2338 cujus
1431 2250 1573 2316 libri
1608 2272 1792 2315 nemo
1828 2250 2020 2316 nescit
2046 2274 2241 2338 quan-

563 2369 775 2442 topere
818 2376 931 2443 per
970 2352 1244 2418 medium
1287 2375 1492 2418 aevum
1534 2353 1811 2417 lectionis
1850 2376 1968 2417 usu
2010 2353 2243 2418 fuerint

562 2456 958 2544 frequentati.
1051 2454 1292 2521 Saeculo
1357 2454 1595 2519 decimo
1662 2470 1888 2544 quarto
1957 2454 2242 2521 inclaruit

562 2559 719 2624 alius
768 2560 1050 2647 scriptor,
1108 2558 1219 2646 qui
1269 2557 1438 2637 item,
1489 2558 1975 2636 recrudescente,
2024 2572 2096 2622 ut
2145 2559 2240 2636 fit,

563 2661 939 2751 Astrologiae
988 2660 1175 2741 malo,
1227 2663 1468 2727 Contra
1516 2661 1878 2748 Astrologos
1922 2659 2244 2726 scribendo

561 2766 806 2854 egregie
834 2763 1197 2854 promeruit.
1287 2762 1598 2828 Nimirum
1625 2763 1952 2827 Hemicus
1973 2763 2049 2827 de
2068 2764 2244 2829 Has·

560 2871 661 2935 sia
715 2870 944 2942 senior,
997 2866 1107 2955 qui
1166 2865 1433 2931 saniores
1484 2864 1842 2930 Matheseos
1891 2865 2240 2953 disciplinas

561 2973 770 3037 denuo
811 2970 876 3036 in
922 2969 1319 3035 Germaniam
1360 2967 1594 3033 retulit.
1670 2968 1812 3033 vid.
1847 2968 2037 3033 Fabr.
2069 2968 2236 3034 Bibl.

562 3076 705 3140 Lat.
735 3072 844 3140 lib.
874 3073 1077 3138 VIII.
1106 3094 1167 3159 p.
1203 3073 1344 3157 656.
1378 3073 1456 3136 Β.
1517 3073 1831 3136 Caeterum
1859 3070 1922 3134 in
1954 3070 2068 3136 hac
2097 3070 2242 3136 doc-

564 3177 724 3242 trina
763 3191 835 3242 ut
871 3174 1211 3263 plurimum
1255 3173 1664 3240 Ptolemaeum
1692 3174 1853 3238 inter
1879 3189 2068 3261 atque
2096 3172 2242 3239 Plo-

560 3280 760 3347 tinum
803 3279 1037 3368 optime
1075 3276 1423 3355 convenire,
1455 3290 1518 3343 et
1548 3275 1870 3343 Marsilius
1911 3276 2056 3342 hinc
2096 3275 2241 3348 inde

561 3383 922 3448 monstravit
962 3383 1025 3446 in
1075 3381 1534 3447 Commentario
1583 3380 1646 3444 in
1691 3380 1860 3445 hunc
1910 3379 2138 3445 librum
2178 3396 2242 3446 et

557 3486 768 3552 docuit
796 3485 982 3551 etiam
1011 3485 1411 3573 Augustinus
1440 3484 1691 3571 Niphus
1718 3483 1780 3547 in
1812 3482 1971 3549 libro
2001 3483 2079 3547 de
2100 3485 2241 3547 Au-

559 3589 753 3678 guriis
783 3588 968 3654 Basil.
1000 3604 1179 3674 1534.
1214 3589 1298 3652 L.
1333 3589 1430 3653 11.
1462 3610 1529 3675 p.
1559 3606 1701 3672 107.
1785 3589 2087 3651 Ioannem
2123 3609 2237 3651 au·

560 3709 683 3758 tem
728 3693 804 3757 K
796 3704 1075 3781 epterum
1119 3689 1296 3755 illum
1347 3703 1680 3754 nostratem
1729 3702 1969 3754 constat
2012 3688 2239 3753 dixisse

559 3795 980 3884 Astrologiam
1008 3796 1316 3882 sapientis
1343 3795 1569 3858 matris
1574 3794 1795 3880 fibioem
1822 3792 2135 3857 stolidam.

640 3923 708 3988 p.
742 3918 889 3981 242,
919 3918 1019 3962 10.
1051 3900 1268 3979 εἴρηται
1293 3897 1403 3976 μὲν
1432 3898 1719 3978 πρότερον
1746 3897 1813 3959 ἐν
1853 3895 2086 3979 ἄλλοις]
2125 3893 2239 3958 Ni-

560 4003 785 4067 mirum
833 4002 896 4066 in
945 3999 1119 4065 libris
1161 3998 1241 4063 de
1285 3999 1448 4063 Fato
1492 3999 1629 4062 111.
1676 4017 1732 4061 1.
1776 4010 1839 4061 et
1880 3997 1961 4060 de
2003 3995 2240 4061 Anima

563 4106 678 4170 IV.
707 4125 772 4192 3.
801 4118 865 4169 et
896 4105 1016 4168 Iv.
1044 4123 1111 4185 4.
1188 4100 1461 4167 Similem
1491 4098 1974 4187 disputationem
2007 4097 2095 4162 ita
2122 4121 2234 4163 ex-

560 4208 804 4274 orditur
846 4205 1148 4293 Origenes
1186 4204 1247 4268 in
1295 4203 1569 4268 Genesin
1606 4204 1666 4286 §.
1697 4223 1759 4289 9.
1789 4226 1852 4290 p.
1881 4222 1972 4289 ¹3·
2006 4201 2230 4265 Ruoei:

558 4311 707 4394 φέρε
752 4312 837 4384 δὲ,
884 4309 1308 4392 ἀγωνισώμεθα
1351 4308 1445 4371 καὶ
1486 4305 1621 4388 περὶ
1670 4309 1775 4370 τοῦ
1813 4305 1947 4372 τοὺς
1986 4304 2237 4387 ἀστέρας

556 4419 824 4495 μηδαμῶς
854 4412 1005 4478 εἶναι
1028 4410 1356 4492 ποιητικοὺς
1396 4416 1510 4474 τῶν
1541 4412 1608 4473 ἐν
1636 4410 1977 4491 ἀνθρώποις,
2011 4432 2235 4488 σημαν-

556 4518 742 4584 τικοὺς
790 4518 856 4580 δὲ
904 4517 1109 4596 μόνον.
1184 4514 1524 4600 Augustin.
1576 4510 1657 4575 de
1710 4509 1849 4575 civ.
1895 4509 2018 4574 Dei
2066 4511 2140 4574 V.
2176 4530 2233 4573 1.

558 4625 599 4658 “
624 4617 809 4698 Quod
841 4617 890 4681 si
920 4616 1214 4682 dicuntur
1240 4613 1445 4681 Stellae
1472 4616 1842 4703 signg‘ficare
1868 4611 2074 4700 potius
2092 4611 2231 4689 ista,

556 4744 743 4809 quam
759 4722 1011 4809 ficere,
1057 4735 1129 4784 ut
1171 4718 1348 4806 quasi
1392 4716 1621 4781 locutio
1663 4715 1952 4803 quaedam
1997 4713 2076 4779 sit
2115 4712 2236 4778 ista

555 4823 797 4912 positio,
828 4821 1167 4911 praedicens
1208 4821 1445 4899 futura,
1485 4842 1608 4884 non
1651 4841 1841 4906 agens
1873 4819 2023 4898 (non
2069 4817 2231 4882 enim

555 4925 944 4992 mediocriter
968 4924 1292 4989 doctorum
1332 4923 1651 4988 hominum
1691 4920 1812 4986 fuit
1840 4921 1958 4985 ista
1995 4931 2235 4986 senten-

555 5029 667 5113 tia)
696 5052 822 5095 non
850 5027 1105 5116 quidem
1134 5025 1223 5092 ita
1250 5025 1447 5091 solent
1466 5024 1639 5112 loqui
1659 5022 2114 5103 Mathematici,
2138 5042 2230 5104 ut,

554 5132 726 5199 verbi
766 5131 989 5220 gratia,
1018 5130 1226 5195 dicant
1254 5131 1435 5194 Mars
1474 5128 1564 5193 ita
1600 5126 1834 5214 positus
1859 5125 2230 5191 homicidam

555 5235 879 5323 significat,
919 5233 1029 5299 sed
1069 5230 1441 5299 homicidam
1484 5228 1689 5294 facit.”
1715 5244 1832 5294 cet.
1923 5228 2058 5294 Ubi
2092 5231 2231 5294 Au-

553 5337 840 5425 gustinus
868 5336 1203 5424 Origenem
1234 5333 1700 5420 Plotinumque‚
1731 5353 1915 5420 quem
1947 5354 2110 5417 saepe
2138 5331 2231 5395 di-

552 5439 787 5519 laudat,
816 5454 960 5504 ante
1001 5437 1214 5503 oculos
1254 5435 1481 5502 habere
1516 5435 1782 5500 videtur.
1873 5434 2230 5499 Mathema-

552 5543 703 5609 ticos
729 5558 939 5607 autem
965 5538 1326 5629 hujusmodi
1352 5540 1416 5603 in
1447 5538 1592 5604 locis
1620 5561 1749 5603 esse
1772 5536 2226 5616 Genethliaoos‚

648 5651 834 5703 VOL.
874 5650 996 5702 111.

2331 2046 2538 2111 Vitam
2585 2045 2790 2111 Procli
2832 2069 2898 2134 p.
2942 2047 3214 2111 XXIV.
3260 2047 3359 2112 ed.
3410 2048 3604 2113 Boiss.
3653 2049 3762 2113 ubi
3803 2049 4009 2114 Procli

2328 2148 2536 2214 thema
2579 2148 2922 2213 natalitium
2966 2149 3313 2215 exhibetur.
3405 2152 3715 2215 Caeterum
3760 2151 4008 2217 consule

2325 2250 2607 2339 inprimis
2630 2250 2948 2316 Ptolemaei
2969 2252 3366 2317 Tetrabiblon
3389 2251 3497 2318 lib.
3523 2254 3638 2318 Iv.
3661 2253 3780 2318 sub
3798 2253 4002 2319 finem.

2324 2369 2386 2420 et
2417 2353 2753 2442 Porphyrii
2799 2354 3329 2420 Introductionem
3369 2354 3434 2419 in
3478 2378 3622 2420 eum
3664 2355 3891 2421 librum
3935 2379 3999 2444 p.

2334 2473 2469 2543 197.
2501 2457 2600 2522 ed.
2637 2457 2825 2521 Basil.
2861 2471 3042 2542 1559.
3073 2456 3180 2521 fol.

2408 2583 2474 2647 p.
2509 2574 2654 2644 245,
2681 2580 2704 2624 1
2721 2610 2735 2624 .
2757 2558 2932 2624 Ἀλλ’
2955 2560 3068 2643 οὐχ
3092 2559 3505 2628 ἑκόντες-καὶ
3525 2566 3647 2629 τοῖς
3668 2561 4001 2653 σχήμασιν]

2330 2661 2659 2727 Sallustius
2685 2660 2765 2726 de
2793 2661 2935 2725 Diis
2961 2676 3023 2727 et
3055 2661 3343 2727 Mundo:
3392 2666 3469 2728 Εἰ
3509 2665 3574 2729 δὲ
3616 2665 3871 2747 τρίγωνα
3912 2665 4008 2730 καὶ

2328 2764 2669 2848 τετράγωνα
2722 2764 3022 2844 λέξουσιν,
3070 2766 3292 2829 ἄτοπον
3358 2765 3464 2845 τὴν
3514 2771 3630 2830 τῶν
3689 2767 4010 2849 ἀνθρώπων

2324 2868 2535 2949 ἀρετὴν
2576 2868 2755 2947 αὐτὴν
2800 2867 3023 2947 μένειν,
3060 2867 3193 2935 τοὺς
3237 2870 3301 2931 δὲ
3346 2868 3515 2936 θεοὺς
3558 2870 3623 2933 ἐκ
3665 2875 3781 2934 τῶν
3810 2871 4007 2935 τόπων

2319 2969 2827 3050 μεταβάλλεσθαι.
2917 2969 3028 3034 Ad
3059 2993 3201 3035 eum
3240 2969 3444 3035 locum
3480 2972 3573 3035 Io.
3607 2972 3796 3036 Conr.
3831 2971 4007 3037 Orel-

2324 3071 2444 3135 lius
2463 3071 2526 3135 in
2552 3085 2793 3137 annott.
2817 3072 3078 3159 (quibus
3093 3072 3257 3137 adde
3279 3071 3616 3160 Nicephori
3641 3073 4005 3139 Blemmidae

2324 3174 2605 3262 Epitom.
2638 3173 2886 3263 Physic.
2920 3198 2977 3239 c.
3008 3190 3109 3260 25.
3140 3198 3205 3263 p.
3235 3179 3410 3260 204.)
3444 3198 3507 3263 p.
3547 3194 3621 3262 23
3625 3190 3689 3262 5.
3723 3192 4005 3242 nostrum

2323 3276 2526 3343 locum
2557 3276 2865 3344 adhibuit.
2923 3278 3071 3365 Ego
3096 3277 3214 3343 hoc
3246 3277 3507 3344 monitos
3535 3278 3718 3344 velim
3750 3278 4006 3346 lectores

2327 3379 2579 3460 Plotini,
2610 3404 2754 3446 cum
2798 3381 2863 3445 in
2906 3381 3195 3446 universo
3235 3381 3354 3446 boc
3397 3381 3579 3460 libro,
3612 3396 3744 3446 tum
3780 3382 3845 3446 in
3889 3382 4005 3449 hoc

2323 3484 2524 3572 capite
2551 3483 2751 3548 multa
2778 3484 2973 3570 tangi,
3003 3507 3146 3570 quae
3184 3483 3248 3547 in
3286 3482 3605 3549 Ptolemaei
3636 3485 4004 3551 Tetrabiblo

2322 3585 2637 3674 leguntur.
2698 3586 2821 3665 Sic,
2850 3600 2923 3650 ut
2949 3585 3070 3650 hoc
3098 3598 3260 3664 utar,
3288 3608 3431 3671 quae
3461 3586 3773 3673 superiore
3800 3587 4002 3675 capite

2325 3689 2652 3774 (secundo)
2698 3688 2777 3753 de
2819 3688 3017 3753 calore
3055 3710 3127 3752 ac
3163 3687 3503 3774 frigiditate
3550 3703 3855 3753 astrorum
3899 3688 3998 3753 di-

2321 3806 2570 3870 cuntur,
2612 3815 2686 3857 ea
2731 3791 2942 3856 confer
2984 3805 3118 3856 tum
3166 3789 3504 3855 Ptolemaeo
3535 3791 3591 3856 1.
3625 3814 3689 3878 p.
3718 3809 3818 3875 17.
3858 3816 3993 3880 sqq.

2321 3894 2418 3959 ed.
2455 3894 2644 3959 Basil.
2677 3893 2933 3981 Oporin.
2969 3908 3150 3979 1535.
3184 3896 3269 3957 8⁰.
3312 3893 3390 3958 de
3432 3891 3820 3980 planetarum
3862 3910 4001 3983 pot-

2321 4011 2533 4061 estate.
2614 3998 2747 4061 Nec
2773 3996 2978 4061 minus
3006 3995 3126 4060 alia
3152 3995 3341 4085 hujus
3368 3994 3584 4084 capitis
3612 4020 3691 4061 ex
3719 3999 3996 4086 ejusdem

2321 4099 2683 4164 Astronomi
2713 4097 2871 4163 libro
2901 4099 3151 4164 laudato
3177 4098 3543 4186 explicanda
3571 4113 3734 4165 sunt.
3811 4102 3998 4180 Quod

2319 4202 2480 4267 enim
2513 4201 2798 4267 Plotinus
2825 4202 3038 4290 paucis
3072 4201 3405 4289 interjectis
3433 4202 3618 4269 dicit:
3668 4204 3737 4268 οὗ
3776 4208 3893 4287 γὰρ
3928 4206 4000 4285 δὴ

2318 4307 2451 4369 τοτὲ
2492 4308 2605 4386 μὲν
2631 4306 2848 4385 ἥδεται,
2886 4307 3022 4369 τοτὲ
3065 4307 3130 4369 δὲ
3167 4311 3456 4380 λυπεῖται,
3489 4318 3553 4370 et
3580 4305 3645 4369 in
3673 4306 3780 4371 fin.
3813 4330 3992 4395 pag.:

2318 4411 2471 4477 ὅλως
2493 4411 2558 4473 δὲ
2588 4410 2722 4473 οὐδὲ
2749 4412 3084 4481 λυπεῖσθαι,
3116 4407 3251 4471 οὐδὲ
3281 4407 3377 4471 ἐπὶ
3408 4411 3608 4490 καιροῦ
3633 4410 3863 4492 χαίρειν
3891 4411 3990 4475 αὖ·

2318 4517 2437 4579 τοῖς
2464 4511 2689 4575 δοτέον·
2732 4509 3007 4597 itemque
3033 4508 3098 4574 in
3126 4509 3233 4574 fin.
3265 4508 3481 4597 capitis
3508 4533 3633 4598 aeq.
3656 4533 3721 4598 p.
3750 4531 3893 4598 139.
3915 4514 3995 4578 C.

2318 4613 2386 4677 τὸ
2416 4616 2481 4678 δὲ
2507 4616 2679 4678 τόνδε
2712 4614 2823 4693 μὲν
2849 4613 3080 4697 χαίρειν
3111 4640 3161 4676 κ.
3183 4637 3237 4677 τ.
3257 4620 3320 4677 λ.
3350 4612 3561 4677 confer
3591 4613 3995 4680 Ptolemaeum

2318 4714 2476 4780 libro
2518 4713 2773 4779 laudato
2811 4716 2868 4779 1.
2902 4737 2965 4800 p.
2998 4728 3128 4798 51.:
3176 4716 3407 4797 χαίρειν
3450 4714 3518 4778 δέ
3562 4722 3751 4795 φασιν
3789 4717 3996 4787 αὐτοὺς

2320 4818 2481 4901 (τοὺς
2506 4817 2856 4902 πλανήτας),
2881 4819 3043 4891 ὅταν,
3080 4816 3189 4881 κᾶν
3214 4817 3294 4897 μὴ
3322 4816 3466 4899 πρὸς
3495 4817 3700 4884 αὐτοὺς
3725 4816 3763 4898 ᾖ
3789 4819 3827 4899 ἡ
3855 4844 3996 4884 συν-

2316 4921 2605 4987 οικείωσις
2630 4926 2747 4984 τῶν
2766 4922 3162 5004 περιεχόντων
3182 4921 3417 4995 ζωδίων,
3437 4921 3599 4984 ἀλλὰ
3618 4919 3821 5000 μέντοι
3846 4922 3994 5003 πρὸς

2317 5023 2448 5090 τοὺς
2496 5028 2614 5086 τῶν
2651 5023 2839 5087 αὐτῶν
2874 5022 3162 5104 αἱρέσεων
3201 5024 3267 5085 ἐκ
3302 5026 3526 5104 μακροῦ
3562 5027 3799 5103 μᾶλλον
3841 5026 3990 5088 οὕτω

2316 5124 2665 5208 γιγνομένης
2691 5129 2791 5205 τῆς
2817 5126 3193 5205 συμπαθείας.
3285 5125 3444 5202 Quae
3469 5123 3556 5188 ita
3591 5124 3861 5212 explicat
3886 5125 3986 5188 in-

2314 5240 2550 5315 terpres
2594 5229 2857 5292 Groecus
2898 5229 3296 5312 Anonymus,
3338 5225 3435 5291 vel
3478 5226 3688 5314 potius
3728 5223 3989 5290 Proclus

2313 5352 2376 5417 p.
2408 5349 2512 5413 49.
2544 5327 2643 5393 ed.
2676 5326 2862 5391 Basil.
2896 5329 3099 5392 Henr.
3130 5328 3300 5392 Petr.
3332 5346 3517 5413 1559.
3556 5326 3662 5391 fol.
3705 5326 3988 5408 λέγονται

2313 5434 2377 5497 δὲ
2420 5434 2580 5514 παρὰ
2623 5435 2803 5495 ταῦτα
2843 5428 3038 5494 πάντα
3077 5431 3326 5513 χαίρειν,
3368 5431 3513 5494 ὅταν
3552 5431 3619 5492 ἐν
3653 5430 3988 5512 ἀλλοτρίοις

2311 5536 2422 5614 μὲν
2472 5537 2650 5601 οἴκοις
2695 5535 3027 5615 εὑρεθῶσιν,
3074 5533 3143 5597 οὗ
3184 5532 3523 5596 παντάπασι
3568 5532 3633 5595 δὲ
3683 5533 3985 5615 ἀλλότριοι

2460 5642 2509 5693 Ο
