5118 6613
975 575 1016 638 6
1942 570 2768 637 ANNOTATIONES
2830 572 2944 637 IN
3006 574 3456 638 PLOTINI

975 744 1084 810 sed
1110 744 1200 824 id,
1231 745 1405 833 quod
1431 744 1513 809 ab
1541 744 1749 809 anima
1788 741 2177 811 illuminatur
2207 744 2661 829 (ἐλλάμπεται).

975 850 1300 927 Quatenus
1341 847 1608 912 animam
1652 847 1812 912 inter
1847 861 2039 934 atque
2081 846 2202 912 hoc
2242 846 2665 912 illuminatum

976 952 1073 1036 (τὸ
1103 952 1586 1037 ἐλλαμπόμενον)
1611 949 1965 1014 communio
1994 950 2284 1037 quaedam
2313 949 2662 1029 intercedit,

972 1053 1078 1119 illa
1109 1053 1371 1138 (anima)
1408 1052 1800 1131 descendere,
1847 1052 1973 1118 sive
2015 1067 2178 1121 nutu
2223 1054 2483 1140 (νεύσει)
2515 1054 2665 1119 ferri

973 1156 1223 1222 dicitur.
1290 1158 1434 1235 Qua
1461 1180 1537 1221 ex
1567 1156 1999 1222 communione
2027 1156 2299 1222 nascitur
2324 1157 2534 1245 imago
2565 1156 2663 1241 (τὸ

976 1262 1277 1344 εἴδωλον),
1308 1282 1497 1347 quam
1540 1259 1675 1347 ipsa
1716 1258 1974 1325 dimittit
2004 1260 2302 1346 (ἀφίησι),
2334 1259 2529 1327 sicubi
2557 1259 2665 1325 illa

973 1362 1327 1428 communio
1368 1362 1712 1429 cessaverit.
1802 1365 2029 1450 Neque
2059 1386 2206 1428 vero
2232 1363 2369 1429 haec
2397 1362 2532 1452 ipm
2561 1362 2660 1428 di·

974 1465 1181 1530 missio
1229 1467 1500 1551 (ἄφεσις)
1548 1479 1642 1530 est
1687 1465 2017 1553 separatio,
2071 1466 2198 1533 sive
2247 1466 2476 1547 scissio,
2526 1466 2665 1555 ejus

972 1570 1147 1656 quod
1187 1571 1590 1657 conjunctum
1634 1582 1787 1648 erat,
1830 1568 1939 1634 sed
1983 1569 2094 1634 ubi
2138 1569 2414 1658 primum
2457 1569 2666 1635 anima

971 1673 1219 1738 recessit
1255 1673 1337 1737 ab
1374 1696 1472 1752 ec,
1503 1672 1674 1759 quod
1719 1671 1901 1736 istam
1941 1671 2270 1759 imaginem
2317 1672 2533 1761 recipit
2564 1672 2662 1756 (τὸ

971 1775 1459 1859 ὑποδεξάμενον),
1491 1775 1628 1863 ipsa
1653 1775 1861 1863 imago
1888 1790 2083 1840 cessat
2118 1774 2511 1859 (evanescit);
2557 1799 2663 1840 ne-

969 1903 1096 1967 que
1123 1879 1242 1944 hoc
1270 1876 1521 1957 mirum,
1552 1877 2060 1966 quandoquidem
2101 1878 2238 1943 haec
2278 1879 2415 1966 ipsa
2453 1878 2664 1967 imago

969 1983 1222 2048 aliunde
1263 2005 1389 2048 non
1426 1999 1560 2048 erat
1597 1995 1755 2056 orta,
1786 1980 1905 2046 nisi
1943 2005 2020 2046 ex
2056 1981 2194 2070 ipsa
2228 1981 2662 2047 communione

969 2085 1374 2151 illuminantis
1401 2108 1545 2150 cum
1573 2084 1921 2149 illuminato
1951 2084 2085 2168 (τοῦ
2114 2083 2525 2165 ἑλλάμποντος
2564 2086 2659 2151 καὶ

971 2195 1076 2255 τοῦ
1133 2188 1736 2275 ἐλλαμφθέντος.)-
1758 2189 2075 2252 Caeterum
2144 2186 2658 2276 philosophorum

971 2292 1301 2358 sententias
1343 2291 1424 2357 de
1473 2290 1679 2355 anima
1728 2314 1768 2354 a
1809 2313 2065 2378 corpore
2113 2312 2330 2355 rursus
2380 2305 2662 2379 separata

967 2411 1214 2462 enarrat
1245 2396 1532 2462 Stobaeus
1569 2394 1633 2459 in
1664 2393 1929 2483 Eclogg.
1964 2395 2024 2458 Ι.
2055 2413 2164 2481 52.
2199 2396 2259 2477 ξ.
2280 2413 2388 2481 39.
2417 2417 2479 2483 p.
2507 2413 2656 2480 920.

969 2525 1107 2588 sqq.
1139 2501 1409 2565 Heeren.
1441 2499 1549 2564 ubi
1581 2496 1815 2564 Plotini
1843 2519 2095 2585 quoque
2123 2497 2357 2563 mentio
2380 2499 2471 2563 fit.

1040 2630 1109 2693 p.
1129 2623 1229 2691 15,
1252 2606 1312 2670 8.
1345 2608 1451 2670 ἐὰν
1481 2607 1607 2669 ἐκεῖ
1627 2603 1829 2684 βλέπῃ
1859 2603 1998 2687 ὅλη]
2036 2601 2207 2667 Illud
2237 2605 2364 2667 ἐκεῖ
2379 2615 2443 2667 et
2467 2605 2663 2668 ἐκεῖσε

968 2706 1537 2795 frequentissimum
1581 2703 1645 2767 in
1690 2702 2100 2768 Enneadibus
2149 2701 2434 2790 designat
2475 2724 2660 2767 mun-

970 2810 1125 2876 dum
1151 2806 1623 2894 intelligibilem,
1655 2819 1719 2870 et
1746 2828 1892 2892 quae
1922 2827 2112 2891 supra
2154 2819 2301 2869 sunt
2331 2804 2544 2869 omnia
2569 2804 2663 2868 di-

968 2912 1135 2990 vina,
1165 2913 1399 2976 Deum.
1489 2910 1634 2973 Hoc
1663 2907 1849 2973 semel
1877 2905 2183 2971 monitum
2214 2905 2400 2972 volui.

1068 3015 1156 3079 ib.
1216 3017 1249 3078 <5
1295 3012 1719 3094 ποιητὴς-ἐπὶ
1760 3015 1866 3075 τοῦ
1906 3007 2301 3096 Ἡρακλέους]
2354 3009 2465 3075 Ad
2518 3033 2663 3075 eum

971 3116 1236 3184 Homeri
1294 3116 1501 3182 locum
1556 3114 1743 3203 plura
1790 3113 2088 3179 Eustath.
2146 3135 2210 3201 p.
2252 3116 2401 3195 460.
2462 3113 2658 3179 Basil.

971 3225 1176 3287 Erant
1202 3234 1435 3299 autem,
1466 3217 1577 3306 qui
1605 3218 1722 3283 hos
1747 3240 1966 3282 versus
1993 3216 2074 3280 ab
2103 3215 2503 3282 Onomacrito
2530 3215 2663 3282 illa.

970 3340 1066 3391 tos
1107 3325 1405 3390 dicerent.
1481 3321 1628 3387 Vid.
1660 3320 1921 3387 Porsoni
1961 3323 2262 3408 Excerpt.
2290 3344 2371 3385 ex
2403 3320 2662 3387 Scholiis

972 3429 1133 3495 Cod.
1166 3426 1411 3493 Harlei.
1441 3428 1524 3492 ad
1553 3448 1698 3490 eum
1743 3424 1972 3490 locum.
2045 3425 2219 3488 Bene
2247 3424 2664 3489 Hemsterhu-

970 3532 1098 3597 sius
1124 3530 1208 3596 ad
1238 3529 1594 3595 Lucianum
1626 3525 1769 3593 Vol.
1803 3528 1904 3591 II.
1949 3548 2011 3614 p.
2035 3544 2186 3611 492.
2218 3523 2405 3614 Bip.:
2453 3525 2666 3592 Plato-

970 3635 1091 3700 nici
1119 3657 1268 3699 vero
1294 3648 1541 3699 tantum
1582 3632 1841 3698 aberant
1865 3653 1904 3694 a
1932 3627 2334 3718 repudiendis
2373 3628 2495 3695 illis
2524 3632 2664 3695 Ho-

970 3737 1123 3804 meri
1164 3736 1466 3815 versibus,
1499 3748 1572 3799 ut
1616 3755 1861 3799 arcanae
1906 3729 2247 3819 disciplinae
2292 3731 2660 3818 mysterium

967 3840 1055 3906 ibi
1077 3839 1344 3905 residere
1370 3861 1495 3904 non
1523 3837 1782 3926 vulgare
1810 3837 2277 3902 arbitrarentur.
2325 3837 2501 3900 Tum
2529 3834 2664 3900 lau-

971 3944 1082 4008 dat
1111 3941 1404 4007 Proclum
1434 3941 1499 4004 in
1529 3939 1810 4005 Platonis
1838 3938 2029 4004 Polit.
2075 3963 2143 4026 p.
2165 3940 2316 4025 382.
2358 3937 2659 4026 aliosque.

973 4049 1132 4126 Quoe
1161 4067 1308 4109 vero
1338 4042 1599 4108 Proclus
1632 4042 1846 4120 habet,
1877 4065 1951 4105 ea
1977 4065 2053 4105 ex
2087 4041 2319 4107 Plotini
2362 4042 2481 4108 hoc
2525 4041 2661 4107 loco

970 4149 1310 4213 fluxerunt.
1382 4144 1576 4210 Adde
1606 4143 1845 4208 Davisii
1875 4157 1938 4208 et
1966 4159 2156 4208 nostr.
2187 4160 2395 4210 annot.
2428 4145 2491 4210 in
2523 4146 2656 4213 Cic.

972 4252 1053 4317 de
1081 4252 1232 4316 Nat.
1262 4250 1458 4314 Deor.
1491 4247 1634 4312 III.
1674 4248 1771 4312 16.
1801 4269 1867 4335 p.
1888 4262 2040 4333 551.
2071 4246 2175 4311 ed.
2206 4260 2400 4313 nostr.
2490 4250 2662 4313 Ean-

973 4354 1116 4419 dem
1144 4375 1274 4418 rem
1296 4350 1551 4417 Tullius
1578 4350 1868 4438 attigerat
1895 4349 1961 4413 in
1989 4347 2162 4414 libris
2190 4349 2271 4415 de
2287 4351 2661 4440 Republica.

973 4456 1121 4522 Vid.
1151 4457 1604 4543 Fragmentum
1650 4451 1794 4517 libri
1834 4451 2000 4516 tertii
2043 4474 2140 4515 nr.
2186 4454 2538 4519 XXVIII.
2584 4477 2663 4521 ex

973 4558 1338 4646 Augustino
1380 4556 1462 4622 de
1504 4555 1693 4623 civit.
1739 4553 1864 4620 Dei
1907 4555 2159 4620 XXII.
2189 4556 2529 4637 4.—Quod
2574 4582 2666 4624 se-

972 4660 1227 4750 quitur:
1275 4660 1343 4725 τὸ
1387 4658 2305 4727 εἴδωλον-διδοὺς-αὖτὸν-
2319 4660 2661 4736 δὲ-εἶναι,

972 4763 1182 4852 arguit
1207 4762 1488 4829 Platonis
1527 4761 1924 4840 imitatorem,
1963 4760 2076 4849 qui
2118 4760 2399 4826 similiter
2440 4765 2666 4828 διδόναι

972 4881 1236 4955 usurpat
1273 4889 1393 4955 pro
1421 4864 1687 4931 tradere.
1775 4863 1923 4928 Vid.
1953 4862 2114 4928 Astii
2143 4865 2568 4930 Commentar.
2597 4865 2663 4930 in

973 4969 1312 5058 Rempubl.
1351 4970 1478 5053 (II.
1509 4984 1571 5051 7.
1600 4990 1668 5056 p.
1685 4969 1836 5053 364.
1871 4966 2115 5054 Steph.)
2149 4989 2214 5054 p.
2236 4968 2388 5048 406.
2451 4967 2664 5056 Igitur

970 5072 1221 5162 proprie
1248 5071 1518 5137 debebat
1542 5070 1632 5136 ita
1652 5068 1845 5135 verti:
1895 5068 2226 5156 imaginem
2249 5070 2386 5158 ejus
2413 5070 2664 5137 tradens

976 5179 1230 5262 (canens
1280 5197 1360 5240 sc.
1395 5174 1652 5257 faciens)
1683 5171 1856 5261 apud
1898 5171 2149 5250 inferos,
2192 5171 2400 5260 ipsum
2450 5188 2660 5240 autem

971 5281 1132 5346 inter
1189 5280 1363 5345 Deos
1416 5276 1669 5343 versari.
1773 5275 2063 5341 Eandem
2121 5275 2402 5342 fabulam
2455 5277 2666 5366 attigit

975 5383 1266 5449 Plotinus
1293 5380 1457 5447 infra
1486 5380 1608 5445 IV.
1636 5399 1699 5466 3.
1731 5394 1833 5464 27.
1860 5402 1923 5467 p.
1942 5398 2094 5465 392.
2126 5403 2217 5466 sq.

1637 5569 1841 5634 LIB.
1888 5567 1989 5631 II.

1062 5690 1139 5753 P.
1171 5707 1274 5768 22,
1307 5708 1365 5773 7.
1410 5694 1605 5757 ΠΕΡΙ
1647 5686 2026 5774 ἈΡΕΤΩΝ]
2079 5686 2542 5775 Argumentum
2571 5711 2662 5754 se-

2747 745 2938 811 cundi
2980 746 3172 835 hujus
3217 745 3358 811 libri
3402 748 3806 836 conjunctum
3851 763 3942 813 est
3984 771 4129 817 cum
4173 749 4436 838 dialogis

2749 848 3028 915 Platonis
3054 849 3364 938 pluribus,
3386 864 3451 914 et
3471 850 3677 940 ipsum
3702 851 4027 916 exordium
4049 876 4088 917 a
4107 853 4436 918 Theaeteto

2747 968 2988 1033 natum,
3011 968 3086 1018 ut
3113 952 3179 1017 in
3207 953 3603 1019 annotatione
3622 977 3755 1042 cap.
3776 975 3800 1017 1
3815 1001 3831 1017 .
3854 954 4219 1020 videbimus.
4267 958 4438 1021 Prae-

2748 1055 2932 1144 cipue
2960 1055 3298 1121 Phaedonis
3325 1080 3579 1145 quoque
3612 1057 3729 1122 loci
3755 1056 3993 1145 aliquot
4021 1056 4146 1122 huc
4173 1058 4433 1137 faciunt,

2747 1159 2830 1224 ad
2858 1183 3047 1247 quem
3085 1163 3175 1248 (p.
3195 1162 3335 1242 42.)
3364 1160 3896 1249 Wyttenbachius
3925 1160 3986 1225 in
4009 1161 4437 1227 Annotatione

2747 1261 2883 1327 haec
2912 1262 3120 1351 posuit
3155 1268 3246 1351 (p.
3281 1266 3452 1349 216.)
3481 1290 3495 1329 z
3533 1272 3577 1305 “
3602 1267 3724 1330 Est
3751 1279 3959 1330 autem
3990 1266 4198 1330 civilis
4227 1270 4436 1332 virtu-5

2747 1364 2962 1430 infimo
2989 1365 3216 1454 gradu,
3234 1389 3377 1432 cum
3402 1382 3673 1455 quatuor
3698 1368 3952 1433 omnino
3980 1368 4102 1433 sint
4130 1368 4435 1433 virtutum

2744 1467 3017 1556 gradus;
3065 1483 3141 1535 ut
3167 1469 3422 1558 quidem
3458 1471 3826 1559 posteriores
3856 1470 4159 1537 Platonici
4188 1494 4295 1536 eos
4322 1470 4433 1536 de-

2747 1572 3147 1660 scripserunt,
3179 1576 3480 1662 principe
3523 1575 3797 1654 Phaino,
3843 1576 4011 1639 Enn.
4045 1575 4102 1638 I.
4147 1573 4258 1640 lib.
4286 1575 4432 1639 IL:

2747 1675 2916 1740 unde
2943 1675 3205 1764 profecti
3235 1690 3559 1764 sequentes
3588 1700 3690 1742 eas
3719 1676 3946 1764 passim
3976 1690 4429 1742 memorarunt:

2747 1801 2810 1844 v.
2840 1802 2891 1843 c.
2945 1778 3338 1867 Porphyrius
3378 1779 3459 1844 de
3506 1779 3828 1845 Gradibus
3872 1803 3934 1868 p.
3966 1800 4069 1867 34.
4144 1780 4436 1845 Marinus

2750 1880 2954 1945 Procli
2999 1881 3189 1946 vitam
3236 1882 3319 1947 ad
3360 1905 3464 1947 eas
3508 1882 3797 1970 exigens:
3848 1882 4215 1948 Macrobius
4255 1882 4434 1947 illum

2747 1981 2981 2047 Plotini
3022 1981 3228 2047 locum
3259 1983 3488 2050 Latine
3527 1998 3793 2062 vertens,
3823 1985 3927 2048 De
3959 1983 4213 2049 Somnio
4244 1983 4438 2073 Scipi-

2746 2085 2881 2150 onis
2906 2087 2963 2151 I.
2985 2087 3078 2151 8.:
3111 2087 3406 2151 Phtinus
3432 2089 3602 2151 inter
3611 2086 4028 2175 philosqwhiae
4048 2088 4435 2174 professores

2744 2212 2885 2254 eum
2914 2191 3180 2255 Platone
3216 2191 3535 2277 princeps,
3566 2190 3726 2253 libro
3753 2190 3829 2254 de
3868 2191 4236 2267 Virtutibus,
4259 2193 4432 2278 gra-‘-

2744 2292 2866 2357 dus
2907 2313 3127 2357 earum
3173 2314 3327 2357 vera
3375 2301 3435 2357 et
3481 2293 3768 2357 viaturali
3808 2292 4144 2357 divisionis
4189 2294 4436 2357 ratione

2745 2397 3108 2484 compositos
3126 2417 3251 2484 per
3276 2395 3560 2461 ordinem
3586 2395 3880 2483 diegerit.
3948 2396 4235 2469 Quatuor
4261 2406 4432 2475 sunt,

2745 2500 2974 2587 inquit,
3018 2508 3474 2587 quaternarum
3515 2520 3762 2587 genem
3812 2500 4124 2562 virtutum
4144 2523 4168 2563 .·
4212 2520 4293 2562 ea·
4335 2498 4435 2564 his

2732 2604 2978 2689 primae
3012 2603 3288 2689 politicae
3330 2612 3658 2682 vocantur,
3686 2602 3973 2666 secundae
4001 2604 4433 2690 purgatoriae,

2747 2708 2949 2769 tertiae
2973 2706 3175 2768 animi
3187 2707 3339 2791 jam
3373 2708 3668 2795 purgati,
3699 2714 3943 2794 quartae
3968 2704 4436 2792 exemplares—

2745 2822 2968 2872 caetera
2994 2807 3167 2894 apud
3194 2807 3401 2895 ipsum
3437 2807 3745 2895 legantur,
3777 2807 3971 2896 digna
3995 2808 4273 2896 cognitu,
4303 2807 4436 2873 lon-

2741 2907 2937 2995 giora,
2968 2931 3159 2995 quam
3190 2922 3263 2974 ut
3289 2909 3390 2973 hic
3418 2925 3835 2997 apponantur.
3885 2909 4195 2974 Macrobii
4223 2924 4434 2974 autem

2744 3011 2947 3075 locum
2978 3010 3282 3099 excerpsit
3312 3010 3676 3076 Vincentius
3706 3011 4159 3076 Bellovacensis
4195 3012 4260 3076 in
4301 3035 4437 3100 spe-

2746 3114 2889 3178 culo
2916 3113 3215 3178 historiali
3243 3113 3350 3178 lib.
3377 3114 3456 3178 V.
3486 3137 3622 3202 cap.
3647 3116 3747 3199 9.”
3793 3116 3862 3178 H
3868 3138 3955 3178 aec
3979 3115 4433 3201 Wyttenbach.

2749 3216 3176 3306 Porphyrium
3220 3216 3391 3305 quod
3436 3217 3679 3295 attinet,
3719 3231 3788 3282 tu
3832 3216 4046 3282 confer
4081 3217 4436 3283 Semondaan

2747 3322 3009 3386 Partem
3035 3327 3172 3386 Τῶν
3201 3322 3346 3404 πρὸς
3390 3324 3465 3386 τὰ
3508 3325 3688 3402 νοητὰ
3732 3323 4038 3404 ἀφορμῶν,
4073 3323 4228 3396 Quae
4268 3344 4437 3386 nmw

2737 3425 3026 3513 primum
3043 3447 3123 3488 ex
3144 3426 3438 3489 Vaticano
3461 3424 3683 3489 Codice
3705 3424 3921 3512 prodit
3946 3447 4024 3488 ex
4054 3421 4203 3488 edit.
4236 3424 4437 3489 Lucae

2752 3525 3089 3603 Holstenii,
3142 3526 3367 3590 Romae
3424 3526 3603 3610 1630.
3663 3539 3727 3589 et
3782 3524 4006 3589 iterum
4069 3525 4434 3613 Cantabrig.

2755 3630 2938 3713 1655.
2985 3652 3053 3717 p.
3088 3647 3235 3714 235.
3268 3651 3407 3715 sqq.
3500 3626 3873 3692 Inscribitur
3918 3642 4128 3693 autem
4174 3650 4250 3692 ea
4291 3650 4437 3717 pars

2747 3732 2901 3813 Περὶ
2941 3730 3219 3814 Ἀρετῶν,
3265 3732 3367 3795 De
3397 3730 3772 3809 Virtutibus,
3815 3745 4034 3817 estque
4080 3754 4157 3796 ex
4201 3731 4436 3796 Plotini

2748 3834 3016 3899 maxime
3057 3833 3231 3899 libris
3271 3848 3585 3922 excerpta,
3622 3833 3838 3920 judice
3880 3833 4064 3898 etiam
4107 3832 4437 3898 Holstenio

2745 3938 2827 4003 de
2847 3938 2979 4003 vita
3005 3951 3068 4003 et
3096 3936 3338 4025 scriptis
3358 3935 3696 4026 Porphyrii
3719 3960 3866 4025 pag.
3882 3955 3992 4022 53.
4039 3938 4437 4024 Quapropter

2746 4040 2932 4106 etiam
2956 4041 3231 4106 Thomas
3248 4041 3512 4128 Ταμὼν,
3537 4040 3648 4128 qui
3675 4039 3739 4104 in
3770 4040 3955 4104 libro:
3989 4041 4190 4106 Select
4217 4040 4436 4104 Works

2744 4145 3151 4230 ofPhtinus,
3185 4144 3395 4209 Lond.
3422 4144 3606 4226 1817.
3636 4143 3806 4208 hunc
3838 4143 4178 4207 secundum
4205 4141 4436 4208 librum

2749 4246 3169 4311 Plotinianum
3200 4245 3475 4335 Anglico
3503 4269 3782 4311 sermone
3810 4245 4116 4324 exhibuit,
4148 4245 4211 4310 in
4254 4246 4434 4312 addi-

2746 4348 2826 4415 tis
2853 4349 3015 4414 notis
3044 4372 3109 4437 p.
3133 4350 3284 4435 566.
3313 4373 3392 4414 ex
3423 4349 3654 4438 scripto
3674 4348 3782 4413 illo
3807 4349 4243 4437 Porphyriano
4266 4349 4436 4414 haud

2746 4475 2949 4540 pauca
2985 4450 3220 4516 utiliter
3247 4463 3540 4540 excerpta
3576 4451 3641 4516 in
3674 4450 4011 4515 Plotiniani
4052 4450 4194 4517 libri
4232 4452 4435 4541 expli-

2748 4554 3049 4620 cationem
3071 4554 3397 4620 convertit.
3434 4556 3774 4643 Leguntur
3795 4568 4006 4620 autem
4027 4555 4199 4622 haud
4220 4578 4438 4644 paucae

2747 4657 2973 4723 harum
3002 4657 3340 4746 Porphyrii
3383 4657 3826 4723 sententiarum
3871 4659 3934 4722 in
3967 4658 4199 4725 Stobaei
4229 4657 4436 4724 Flori-

2748 4758 2912 4849 legio
2943 4759 3076 4825 Tit.
3108 4760 3169 4824 1.
3214 4781 3276 4847 p.
3307 4778 3415 4845 54.
3445 4758 3547 4823 ed.
3579 4759 3943 4839 Gaisfordii,
3973 4759 4084 4848 qui
4113 4759 4438 4825 universus

2748 4863 2969 4929 titulus
2997 4864 3152 4946 Περὶ
3176 4861 3420 4946 Ἀρετῆς
3459 4861 3722 4926 aliorum
3755 4886 4009 4951 quoque
4043 4860 4439 4951 philosopho-

2748 4989 2891 5031 rum
2932 4965 3079 5031 inde
3121 4988 3160 5029 a
3200 4964 3630 5055 Pythagoricis
3671 4965 3984 5054 permulta
4027 4965 4274 5029 decreta
4315 4962 4436 5029 col-

2746 5067 2908 5133 lecta
2966 5081 3240 5156 praestat.
3372 5067 3795 5155 Porphyrium
3866 5081 4075 5133 autem
4142 5064 4439 5154 expilavit

2750 5170 2954 5236 Mich.
2986 5169 3230 5235 Psellus
3267 5169 3335 5234 in
3390 5171 3737 5236 Omnifaria
3779 5169 4082 5236 Doctrina
4128 5171 4190 5253 ξ.
4219 5187 4328 5255 55.
4373 5191 4436 5257 p.

2755 5294 2894 5340 110.
2983 5272 3274 5361 Denique
3315 5272 3442 5339 huc
3483 5274 3847 5339 referendus
3886 5285 3981 5337 est
4014 5272 4279 5361 Georgii
4312 5272 4436 5337 Ge·

2748 5377 2924 5441 misti
2943 5377 3222 5442 Libellus
3248 5376 3325 5441 de
3356 5378 3598 5442 Virtute
3626 5377 3879 5464 quaque
3901 5374 4219 5461 part-ihm,
4248 5395 4438 5461 quem

2744 5499 2824 5544 ex
2855 5479 3060 5545 codd.
3098 5502 3302 5570 nuper
3329 5480 3554 5544 Graece
3596 5492 3661 5542 et
3701 5475 3930 5541 Latine
3972 5474 4170 5541 edidit
4199 5475 4436 5564 Angel.

2746 5582 2985 5663 Maius,
3027 5582 3374 5649 Mediolani
3407 5583 3596 5647 1816.
3639 5579 3815 5667 quod
3858 5577 4157 5666 scriptum
4199 5577 4266 5643 in
4311 5581 4438 5644 Co-

2744 5686 2880 5754 dice
2912 5685 3333 5752 Ambrosiano
3360 5682 3612 5749 Philoni
3639 5681 4021 5770 adsignatur.
4092 5681 4440 5752 Sententias
