5118 6613
1306 592 1506 658 LIB.
1551 594 1672 660 VI.
1716 595 2176 662 ENNEAD.
2226 598 2765 664 SECUNDAE.
2810 621 2876 687 p.
2908 601 3273 695 314—326.

536 760 646 827 ubi
673 775 955 849 quatuor
980 762 1357 850 qualitatum
1382 789 1614 854 genera
1639 767 1850 855 ponit:
1887 769 2100 833 Unum
2125 769 2235 834 ha-

532 863 705 929 bitus
733 879 798 930 et
825 864 1069 930 affectio
1099 867 1475 956 (dispositio,
1507 871 1624 949 ἕξις
1653 871 1751 934 καὶ
1779 869 2101 952 διάθεσις);
2145 871 2232 936 al-

536 980 744 1031 terum
771 967 1095 1034 continens
1121 992 1195 1034 ea
1221 970 1451 1048 omnia,
1483 994 1630 1059 quae
1666 995 1707 1036 a
1744 973 2025 1060 potentia
2052 997 2100 1039 ε.
2135 975 2229 1038 fa-

535 1072 769 1139 cultate
798 1073 1068 1139 naturali
1097 1089 1161 1141 et
1182 1076 1494 1141 contrario
1521 1079 1590 1160 (a
1617 1078 1859 1159 δυνάμει
1884 1075 1921 1157 ἢ
1942 1080 2232 1164 ἀδυναμία

534 1180 789 1259 φυσικῇ)
820 1175 1254 1264 appellantur;
1304 1178 1559 1243 tertium
1603 1202 1825 1267 genuS,
1866 1180 1929 1245 in
1969 1203 2098 1267 quo
2130 1179 2227 1243 in-

534 1293 687 1343 sunt
734 1277 1021 1365 patibiles
1069 1280 1402 1367 qualitates
1451 1305 1526 1347 ac
1577 1282 2096 1370 perturbationes»,
2140 1282 2231 1347 af-

532 1379 738 1446 fectus
787 1382 1129 1465 (παθητικοὶ
1172 1387 1479 1466 ποιότητες
1526 1386 1622 1450 καὶ
1664 1385 1883 1471 πάθη);
1932 1402 2227 1473 quartum

534 1481 808 1571 denique
851 1484 1167 1571 qualitatis
1206 1509 1430 1574 genus,
1472 1486 1671 1568 addit,
1702 1502 1797 1552 est
1824 1487 2028 1575 figura
2067 1504 2131 1554 et
2158 1514 2231 1555 ea

536 1607 681 1672 quae
724 1585 789 1649 in
832 1609 1088 1674 quoque
1129 1603 1223 1654 est
1261 1589 1485 1668 forma,
1524 1589 1672 1654 item
1718 1590 2044 1670 rectitud0,
2076 1591 2228 1656 obli-

538 1688 769 1774 quitas,
799 1690 1023 1755 similia
1061 1696 1283 1775 σχῆμα,
1314 1694 1534 1775 μορφὴ,
1569 1694 1825 1773 εὐθύτης,
1859 1699 2233 1779 καμπυλότης

534 1798 634 1862 καὶ
665 1800 804 1863 εἴτι
824 1800 1053 1867 τούτοις
1082 1801 1344 1884 ὅμοιον).
1431 1798 1545 1863 Ad
1573 1821 1763 1886 quem
1797 1800 2110 1888 Stagiritae
2138 1803 2227 1867 lo-

532 1922 677 1964 cum
711 1899 1067 1988 Simplicius
1094 1900 1156 1965 in
1196 1901 1660 1966 Commentario
1690 1901 1923 1968 Plotini
1963 1907 2225 1971 mentio·

532 2025 678 2067 nem
719 2002 939 2091 injicit.
1030 2005 1136 2069 Ita
1180 2003 1345 2068 enim
1385 2003 1495 2071 fol.
1526 2025 1625 2090 19.
1655 2006 1715 2071 b.
1746 2021 1991 2071 monet:
2037 2008 2222 2075 Ἀπο-

532 2112 704 2189 ροῦσι
747 2110 814 2172 δὲ
858 2109 956 2172 καὶ
996 2107 1143 2190 πρὸς
1179 2110 1288 2172 τὸν
1325 2109 1462 2189 περὶ
1490 2111 1591 2188 τῆς
1619 2109 1827 2178 οὐσίας
1853 2113 2044 2193 λόγον
2073 2115 2128 2192 ὅ,
2160 2139 2227 2178 τε

532 2215 844 2278 Πλωτΐνος
873 2212 970 2276 καὶ
999 2214 1058 2275 οἱ
1083 2212 1219 2294 περὶ
1247 2210 1353 2275 τὸν
1376 2213 1790 2294 Νικόστρατον
1811 2220 1933 2281 πῶς
1963 2216 2029 2279 ἓν
2050 2215 2227 2298 γένος

530 2314 569 2394 ἦ
611 2313 806 2377 οὗσία.
898 2316 977 2377 Εἰ
1013 2316 1130 2396 γὰρ
1166 2315 1366 2377 κοινόν
1393 2338 1452 2376 τι
1490 2314 1587 2378 καὶ
1624 2317 1725 2393 τῆς
1764 2320 1974 2396 νοητῆς
2003 2319 2099 2381 καὶ
2126 2323 2227 2398 τῆς

530 2417 813 2495 αἰσθητῆς
842 2417 950 2495 εἴη,
982 2415 1097 2496 πρὸ
1127 2416 1353 2498 ἀμφοῖν
1382 2414 1552 2479 ἔσται
1592 2416 1687 2479 καὶ
1718 2417 1944 2499 ἀμφοῖν
1973 2445 2220 2503 κατηγο-

530 2518 869 2601 ρηθήσεται,
903 2518 998 2583 καὶ
1027 2522 1210 2598 δῆλον
1238 2518 1331 2582 ὅτι
1360 2519 1498 2582 οὔτε
1528 2523 1699 2599 σῶμα
1727 2520 1864 2583 οὔτε
1907 2522 2225 2602 ἀσώματον

532 2621 702 2686 ἔσται
728 2623 829 2685 ἵνα
853 2620 935 2701 μὴ
962 2620 1031 2685 τὸ
1061 2628 1233 2702 σῶμα
1263 2621 1358 2685 καὶ
1388 2622 1707 2701 ἀσώματον
1734 2621 1999 2705 γένηται,
2026 2627 2123 2690 καὶ
2152 2627 2221 2691 τὸ

530 2725 849 2805 ἆσόματον
900 2725 997 2787 καὶ
1042 2729 1232 2803 σῶμα.
1301 2721 1484 2787 Idem
1514 2721 1622 2787 fol.
1658 2742 1757 2787 20.
1790 2724 1851 2789 b.
1894 2727 1963 2790 τὸ
2008 2729 2073 2791 δὲ
2123 2733 2224 2809 τῆς

524 2830 671 2908 ὕλης
698 2827 793 2891 καὶ
816 2829 923 2889 τοῦ
950 2827 1139 2891 εἴδους
1167 2826 1357 2905 ὄνομα
1385 2825 1482 2890 καὶ
1508 2828 1584 2889 τᾶ
1609 2826 1724 2890 ὑπὸ
1754 2830 1977 2892 τούτων
2005 2856 2217 2912 σημαι-

526 2931 749 3010 νόμενα
775 2929 881 2992 οὐκ
907 2928 984 3007 ἦν
1010 2933 1134 2995 τοῖς
1158 2933 1411 2995 πολλοῖς
1438 2927 1683 3009 συνήθη,
1717 2929 1854 2994 ἀλλ’
1887 2933 1945 2995 οὶ
1972 2935 2085 3012 μὲν
2111 2935 2219 3014 τὴν

524 3034 696 3116 ἥλην,
728 3034 788 3095 οἱ
815 3033 883 3095 δὲ
908 3030 979 3093 τὸ
1022 3029 1175 3097 εἶδος
1208 3035 1447 3109 μᾶλλον
1475 3032 1689 3096 οὐσίαν
1715 3032 1987 3115 λέγουσι.
2080 3043 2222 3106 Πῶς

526 3136 634 3202 οὖν
661 3136 852 3218 φησὶν
880 3136 915 3197 6
944 3138 1277 3207 Πλωτῖνος,
1309 3136 1384 3197 τᾶ
1412 3135 1545 3216 τρία
1575 3136 1785 3217 ἐπίσης
1810 3136 2097 3219 λέγονται
2125 3142 2221 3205 οὗ·

527 3240 690 3313 σίαι;
726 3265 779 3302 κ.
802 3262 857 3300 τ.
877 3244 942 3299 λ.
1001 3237 1123 3300 Διᾶ
1149 3237 1360 3299 τούτου
1390 3235 1567 3318 (fort.
1597 3240 1695 3302 διὰ
1717 3243 1920 3323 τοῦτο)
1955 3241 2051 3305 καὶ
2077 3241 2217 3327 Ἀρ-

525 3344 708 3427 xistus
734 3341 804 3405 τὸ
844 3338 969 3405 καθ’
1003 3338 1218 3418 ἑαυτὴν
1258 3340 1411 3404 εἶναι
1452 3341 1562 3420 τὴν
1590 3341 1805 3406 οὐσίαν
1836 3345 2217 3429 ἐχαρακτήρι-

524 3471 652 3511 σεν.
746 3444 970 3510 Cicero
997 3441 1185 3507 etiam
1215 3442 1278 3507 iu
1310 3443 1695 3509 Academicis
1728 3446 1781 3511 I.
1813 3463 1875 3531 5.
1908 3471 2046 3534 sqq.
2076 3447 2221 3513 doe-

525 3548 747 3615 trinam
777 3548 1023 3628 formae,
1051 3545 1327 3611 materiae
1364 3546 1868 3636 qualitatumque
1901 3572 1980 3614 ex
2010 3551 2217 3638 philo-

524 3652 865 3741 sophorum
906 3650 1275 3715 Graecorum
1320 3648 1494 3714 libris
1533 3650 1601 3714 in
1650 3650 1995 3716 breviorem
2044 3676 2216 3718 sum-

524 3778 689 3822 mam
720 3754 987 3843 redigit:
1032 3776 1223 3840 quam
1253 3753 1344 3818 ita
1373 3754 1699 3819 exorditur
1727 3757 1812 3839 (c.
1844 3774 1906 3842 5.
1944 3760 1999 3842 ξ.
2036 3761 2215 3842 24.):

524 3864 568 3898 ‘⁶
597 3859 702 3924 De
745 3871 975 3922 natura
1014 3855 1403 3921 autem—ita
1444 3856 1736 3922 dicebant
1777 3860 2103 3946 (veteres),
2151 3874 2220 3924 ut

522 3983 657 4026 eam
697 3958 1051 4024 dividerent
1088 3956 1154 4020 in
1196 3980 1297 4021 res
1332 3958 1525 4023 duas:
1576 3975 1652 4024 ut
1677 3958 1873 4024 altera
1900 3974 2057 4024 esset
2087 3960 2215 4024 effi-

522 4067 711 4143 ciens,
741 4064 937 4129 altera
961 4075 1171 4127 autem
1204 4062 1383 4149 quasi
1412 4062 1561 4127 huic
1589 4086 1653 4126 se
1680 4063 1988 4149 praebenS,
2021 4086 2219 4151 eaque

522 4169 869 4236 efficeretur
917 4166 1178 4254 aliquid.
1271 4167 1351 4230 In
1397 4190 1494 4245 e0,
1537 4165 1712 4252 quod
1754 4164 2045 4241 efficeret,
2087 4168 2219 4231 vim

520 4298 653 4339 esse
682 4272 1040 4339 censebant:
1071 4269 1136 4334 in
1159 4295 1235 4334 eo
1256 4285 1490 4349 autem,
1510 4270 1682 4357 quod
1712 4268 2001 4347 efficeret,
2022 4278 2216 4334 mate·

520 4380 690 4443 rim
736 4376 1096 4464 quandam.-
1148 4373 1215 4437 in
1269 4389 1540 4461 utroque
1583 4388 1792 4439 tamen
1852 4385 2212 4459 utrumque.

524 4503 728 4569 neque
766 4479 931 4544 enim
967 4477 1285 4542 materiam
1325 4478 1524 4566 ipsam
1564 4477 1878 4543 cohaerere
1917 4477 2216 4566 potuisse,

522 4585 572 4650 si
612 4583 790 4649 nulla
833 4582 896 4646 vi
933 4581 1374 4661 contineretur,
1416 4603 1622 4667 neque
1661 4580 1783 4644 vim
1830 4580 1963 4644 sine
2008 4580 2218 4667 aliqua

523 4683 1037 4752 materia—nihil
1078 4698 1173 4748 est
1214 4682 1402 4762 enim,
1442 4683 1615 4771 quod
1659 4705 1786 4747 non
1819 4682 2047 4748 alicubi
2086 4706 2216 4747 esse

522 4787 1021 4877 cogatur.—-Sed
1062 4786 1237 4875 quod
1280 4810 1359 4851 ex
1399 4800 1688 4874 utroque,
1721 4786 1786 4850 id
1818 4786 1955 4873 jam
1987 4808 2217 4873 corpus

521 4908 587 4959 et
614 4892 794 4981 quasi
837 4893 1202 4980 qualitatem
1245 4891 1560 4979 quandam
1607 4890 2069 4956 nominabant.”
2101 4894 2210 4956 Suc.

527 5000 701 5064 Tum
740 4997 822 5062 de
866 4996 1273 5085 qualitatibus
1310 4996 1496 5086 plura
1537 4996 1735 5061 addit.
1825 4997 1972 5084 Ego
2007 5010 2217 5061 autem

521 5101 586 5166 h.
611 5100 650 5165 l.
675 5099 864 5189 plura
884 5123 1006 5164 non
1030 5099 1283 5179 addam,
1308 5097 1417 5163 sed
1446 5098 1704 5164 lectores
1731 5097 1813 5162 ad
1846 5097 2217 5164 Cudworthi

526 5206 811 5293 Systema
852 5203 1266 5270 intellectuale
1309 5203 1643 5269 advocatos
1671 5201 1836 5280 vole,
1873 5201 1982 5267 ubi
2018 5225 2080 5290 p.
2113 5222 2211 5267 10.

522 5329 614 5394 sq.
646 5330 711 5394 p.
747 5307 855 5392 58.
889 5330 983 5395 sq.
1015 5321 1079 5372 et
1106 5331 1173 5396 p.
1205 5323 1355 5394 907.
1384 5330 1477 5395 sq.
1526 5305 1625 5371 ed.
1661 5305 1974 5370 Moshem.
2019 5304 2219 5371 multa

518 5432 601 5474 ex
648 5424 933 5474 veterum
986 5410 1515 5497 disputationibus
1558 5409 1622 5473 in
1672 5408 1952 5474 medium
2011 5408 2217 5496 profe-

522 5529 773 5591 runtur,
808 5513 1364 5600 excutiunturque.
1455 5514 1615 5591 Quae
1657 5511 2029 5600 posteriores
2070 5511 2214 5599 phi-

522 5614 765 5704 losophi
793 5616 877 5682 ad
908 5615 1318 5682 Scholasticos
1349 5638 1572 5705 usque,
1605 5613 1946 5680 Aristotele
1986 5614 2217 5703 partim

620 5725 810 5779 VOL.
847 5724 973 5778 111.

3901 619 4018 685 113

2318 769 2580 857 aliisque
2630 770 3013 848 auctoribus,
3055 770 3282 857 partim
3331 768 3448 858 ipsi
3490 769 3570 834 de
3611 770 4019 857 qualitatibus

2320 873 2765 950 disseruerunt,
2798 873 3072 938 breviter
3113 872 3388 938 indicata
3422 874 3693 961 reperias
3735 874 3798 938 in
3830 876 4013 938 Mor·

2315 976 2465 1041 hofii
2497 977 2893 1066 Polyhistore
2926 979 3117 1042 Tom.
3152 977 3249 1042 11.
3286 976 3390 1041 lib.
3428 977 3525 1041 11.
3557 991 3698 1065 part
3735 979 3835 1042 11.
3869 1001 3920 1042 c.
3949 994 4011 1059 7.

2316 1101 2379 1148 et
2409 1084 2470 1147 8.
2503 1106 2568 1170 p.
2605 1100 2970 1166 299—312.
3000 1079 3103 1144 ed.
3137 1079 3385 1145 Fabric.
3433 1082 3753 1145 Caeterum
3797 1080 3899 1144 hic
3942 1080 4014 1145 li-

2314 1185 2516 1251 bellus
2550 1184 2933 1250 Plotinianus
2962 1206 3086 1248 non
3111 1182 3309 1248 solum
3334 1206 3475 1247 cum
3505 1184 3822 1270 superiore
3845 1206 4014 1250 com-

2314 1288 2464 1375 poni
2493 1287 2704 1366 debet,
2734 1286 3050 1374 praecipue
3081 1309 3144 1372 p.
3176 1287 3342 1368 167.,
3377 1284 3485 1350 ubi
3514 1286 3835 1351 materiam
3864 1286 4010 1352 dix-

2317 1407 2451 1456 erat
2495 1413 2609 1455 nec
2660 1389 3024 1478 qualitatem
3070 1412 3201 1453 esse
3224 1377 3361 1453 ⁵nec
3410 1411 3546 1453 eam
3597 1389 3848 1468 habere,
3899 1389 4008 1455 sed

2317 1493 2500 1557 etiam
2531 1516 2672 1556 cum
2712 1491 2869 1571 aliis,
2899 1490 3237 1579 praecipue‚
3269 1503 3343 1556 ut
3372 1491 3504 1579 jam
3537 1491 3797 1556 Ficinus
3826 1492 4006 1571 vidit,

2315 1618 2459 1661 cum
2490 1619 2588 1673 eo,
2616 1594 2725 1682 qui
2756 1593 3114 1658 inscribitur
3141 1595 3243 1658 De
3265 1594 3613 1658 Geswribue
3639 1596 3859 1660 Entis.
3900 1595 4008 1661 Tu

2315 1701 2530 1764 confer
2556 1698 2899 1786 praesertim
2932 1697 3053 1762 VI.
3086 1716 3148 1781 3.
3183 1698 3285 1761 16.
3314 1719 3379 1783 p.
3414 1696 3559 1782 631.
3592 1718 3684 1783 sq.

2412 1840 2501 1851 -
2519 1823 2582 1887 9.
2629 1799 3100 1883 ἀπηρημωμένον
3121 1805 3240 1863 τῶν
3262 1800 3493 1884 ἄλλων]
3535 1799 3772 1864 Sumsit
3796 1822 3837 1864 a
3866 1797 4012 1874 Pla.-

2315 1919 2481 1981 tone‚
2525 1905 2635 1993 qui
2688 1905 2750 1968 in
2804 1903 3080 1991 Sophist.
3128 1925 3187 1990 p.
3236 1921 3379 1988 237.
3410 1901 3476 1966 d.
3521 1925 3586 1990 p.
3616 1922 3758 1985 171.
3802 1902 4002 1970 Bekk.

2313 2008 2435 2073 ita:
2487 2010 2583 2073 καὶ
2609 2012 2780 2071 τοῦτο
2810 2007 2949 2086 ἡμῖν
2975 2032 3066 2070 πω
3097 2003 3386 2088 φανερὸν,
3418 2006 3494 2071 ὡς
3525 2006 3621 2069 καὶ
3648 2004 3718 2068 τὸ
3746 2006 3808 2070 τί
3830 2010 4004 2070 τοῦτο
4134 2050 4142 2063 .

2311 2115 2468 2195 ῥῆμα
2516 2112 2616 2175 ἐπὶ
2666 2113 2794 2174 ὄντι
2835 2109 3099 2192 λέγομεν
3140 2107 3443 2171 ἑκάστοτε·
3485 2109 3673 2187 μόνον
3700 2111 3817 2190 γὰρ
3861 2108 4004 2174 αὐτὸ

2314 2216 2537 2299 λέγειν,
2572 2215 2774 2294 ὥσπερ
2817 2210 3043 2294 γυμνὸν
3084 2212 3180 2275 καὶ
3223 2209 3686 2292 ἀπηρημωμένον
3726 2211 3844 2275 ἀπὸ
3885 2217 4006 2276 τῶν

2312 2321 2503 2382 ὄντων
2532 2316 2830 2389 ἁπάντων,
2863 2316 3172 2379 ἀδύνατον.
3204 2312 3316 2400 qui
3360 2312 3533 2377 locus
3568 2312 3822 2377 omnino
3858 2336 4005 2379 cum

2309 2436 2523 2485 nostro
2550 2416 2965 2483 conferendus
2992 2431 3107 2481 est.
3198 2415 3521 2481 Plutarchi
3548 2417 3830 2505 Lycurg.
3861 2441 3999 2506 cap.

2310 2547 2372 2611 9.
2407 2548 2468 2612 p.
2505 2525 2607 2588 80.
2645 2520 2888 2587 Coraii:
2938 2522 3102 2585 ἀλλὰ
3144 2522 3326 2588 οὕτως
3368 2522 3822 2602 ἀπερημωθεΐσα
3855 2525 4004 2586 κατὰ

2309 2628 2519 2711 μικρὸν
2565 2627 2601 2707 ἡ
2651 2625 2842 2708 τρυφὴ
2889 2630 3006 2688 τῶν
3048 2624 3465 2706 ζωπυροόντων
3517 2624 3613 2687 καὶ
3660 2625 4004 2706 τρεφόντων

2311 2730 2514 2811 αὐτὴν,
2563 2728 2632 2793 δι’
2680 2730 2855 2806 αὐτῆς
2899 2727 3268 2808 ἐμαραίνετο.
3318 2724 3488 2789 unde
3530 2724 4005 2792 constructionis

2307 2833 2632 2899 diversitas
2677 2829 3063 2917 intelligitur.
3156 2828 3441 2916 Hesych.
3475 2831 3536 2893 1.
3568 2830 3717 2915 438.
3750 2828 3999 2895 Albert.

2306 2937 2702 3021 ἀπερημάσαι·
2750 2936 3080 3020 ἀπῳκῆσαι,
3111 2931 3224 2996 ubi
3261 2932 3563 2997 Abresch.
3596 2935 3998 3016 ἀπερημῶσαι.

2307 3042 2627 3105 ἀποικίσαι.
2716 3035 2920 3124 Apud
2951 3037 3254 3100 Nostrum
3296 3034 3417 3100 hoc
3446 3035 3710 3100 verbum
3740 3035 4005 3100 recurrit

2307 3142 2593 3233 proxime
2625 3141 2723 3206 11.
2754 3144 2811 3205 6.
2843 3161 2908 3227 3.
2939 3154 3004 3205 et
3031 3139 3196 3204 infra
3231 3141 3346 3204 VI.
3381 3141 3439 3204 8.
3469 3159 3567 3204 11.
3605 3138 3765 3204 med.

2391 3269 2459 3334 p.
2484 3265 2635 3333 325,
2661 3266 2689 3310 1
2706 3265 2763 3309 1.
2797 3246 2939 3309 ὅθεν
2963 3245 3060 3308 καὶ
3087 3243 3445 3327 ἁμαρτάνειν
3469 3243 3618 3325 ἡμᾶς
3646 3243 3739 3309 ἀεὶ
3769 3243 3996 3330 κ.τ.λ.]

2310 3354 2464 3415 Huc
2491 3349 2759 3438 pertinet
2790 3347 3138 3413 dissertatio
3178 3347 3239 3412 in
3272 3346 3575 3435 Epistolis
3604 3345 3853 3412 Platoni
3885 3346 4001 3411 tri-

2306 3455 2418 3520 bui
2448 3452 2642 3519 solitis
2677 3454 2863 3536 (VII.
2898 3475 2964 3540 p.
2995 3470 3142 3537 342.
3175 3454 3328 3538 sq.);
3363 3451 3533 3516 unde
3562 3472 3753 3537 supra
3782 3449 3863 3514 ad
3894 3450 4001 3514 ln-

2307 3557 2699 3646 scriptionem
2731 3555 2841 3642 huj
2852 3578 2923 3618 us
2950 3554 3092 3620 libri
3122 3553 3489 3642 particulam
3522 3552 3808 3640 apposui.
3859 3553 4001 3618 Cae-

2304 3677 2510 3726 terum
2569 3659 2649 3724 ad
2702 3659 2836 3722 haec
2889 3671 2956 3721 et
3007 3656 3349 3743 sequentia,
3407 3678 3552 3743 quae
3605 3653 4002 3744 impeditiora

2304 3779 2476 3841 sunt,
2504 3761 2734 3827 adhibe
2766 3759 2961 3824 Ficini
2991 3757 3550 3824 commentarium.

2393 3889 2456 3953 p.
2488 3867 2642 3950 326,
2677 3877 2770 3945 17.
2821 3862 2917 3926 καὶ
2960 3861 3327 3949 ἀντιτυπίας]
3380 3859 3424 3924 i.
3468 3883 3526 3924 e.
3577 3859 3841 3938 renisus,
3886 3859 3997 3947 qui

2305 3968 2506 4033 oritur
2526 3991 2562 4031 e
2582 3965 2816 4053 majore
2837 3963 3150 4028 minoreve
3168 3961 3398 4027 duritie
3413 3984 3772 4049 corporum.
3814 3961 3998 4041 Vide,

2305 4094 2449 4158 quae
2479 4091 2672 4157 supra
2698 4068 2778 4133 de
2808 4090 2959 4132 voce
2987 4067 3302 4133 ἀντίτυπος
3336 4064 3553 4129 monui
3592 4063 3673 4129 ad
3705 4065 3810 4129 11.
3840 4084 3895 4130 ῐ.
3930 4080 3995 4149 7.

2302 4196 2368 4261 p.
2406 4194 2545 4238 101.
2596 4172 2675 4236 C.
2770 4169 2882 4235 Ad
2939 4168 3135 4234 nostri
3190 4166 3311 4233 loci
3368 4166 3836 4254 intelligentiam
3898 4165 3998 4231 vel

2304 4275 2574 4339 maxime
2601 4271 2840 4337 faciunt
2866 4271 3002 4337 haec
3034 4270 3208 4353 Sexti
3238 4269 3543 4358 Empirici
3580 4270 3645 4334 in
3677 4268 3995 4357 Pyrrhon.

2306 4380 2647 4466 Hypotyp.
2681 4375 2821 4439 ΙΙΙ.
2864 4393 2929 4459 5.
2970 4393 3079 4460 39,
3122 4394 3269 4454 40.:
3317 4375 3475 4440 τινὲς
3517 4374 3583 4437 δὲ
3627 4377 3799 4452 σῶμα
3842 4371 3997 4437 εἶναι

2302 4481 2556 4564 λέγουσι
2605 4477 2674 4542 τὸ
2718 4481 2890 4561 τριχῆ
2932 4476 3252 4541 ὃιαστατὸν
3297 4478 3449 4555 μετὰ
3488 4476 3843 4542 ἀντιτυπίας.
3890 4500 3997 4554 ση-

2300 4590 2475 4665 μεῖον
2497 4581 2614 4665 γάρ
2644 4589 2855 4664 φασιν,
2888 4581 2957 4644 οὗ
2999 4579 3177 4661 μέρος
3219 4578 3416 4644 οὐθέν·
3461 4578 3738 4662 γραμμὴν
3766 4580 3851 4653 δὲ,
3882 4582 3991 4658 μῆ-

2304 4713 2402 4755 κος
2445 4684 2722 4753 ἀπλατές.
2770 4683 3125 4766 ἐπιφάνειαν
3167 4686 3252 4758 δὲ,
3297 4687 3478 4762 μῆκος
3516 4684 3670 4763 μετὰ
3709 4681 3990 4750 πλάτους.

2305 4787 2694 4871 (Notissimae
2754 4787 3230 4851 Geometrarum
3291 4782 3718 4848 definitiones:
3788 4783 3995 4849 obser-

2303 4904 2490 4956 vante
2519 4891 2812 4956 Fabricio
2849 4889 2930 4954 ad
2972 4889 3038 4953 h.
3067 4888 3142 4974 l.)
3174 4890 3321 4952 ὅταν
3366 4890 3433 4951 δὲ
3476 4887 3621 4967 αὐτὴ
3666 4887 3762 4952 καὶ
3805 4887 3998 4969 βάθος

2302 4994 2625 5077 προσλάβῃ
2657 4995 2752 5059 καὶ
2780 4994 3144 5066 ἀντιτυπίαν,
3179 4997 3350 5072 σῶμα
3386 4990 3538 5055 εἶναι
3569 4990 3734 5073 (περὶ
3776 4991 3845 5055 οὗ
3889 4995 3994 5055 νῦν

2303 5098 2442 5178 ἡμῖν
2487 5099 2654 5160 ἐστιν
2698 5097 2731 5158 ὁ
2782 5095 2995 5180 λόγος)
3050 5093 3352 5158 συνεστὼς
3398 5091 3463 5155 ἔκ
3508 5114 3575 5154 τε
3616 5088 3849 5169 μήκους,
3899 5088 3995 5152 καὶ

2299 5201 2562 5268 πλάτους
2607 5199 2703 5263 καὶ
2752 5197 2979 5279 βάθους
3023 5197 3119 5261 καὶ
3163 5195 3517 5261 ἀντιτυπίας.
3567 5192 3809 5274 εὗμερὴς
3839 5189 3990 5277 (leg.

2303 5304 2582 5388 εὐμαρὴς)
2609 5301 2817 5382 μέντοι
2839 5300 2935 5365 καὶ
2959 5302 2993 5364 6
3015 5299 3163 5383 πρὸς
3183 5301 3424 5366 τούτους
3443 5299 3647 5379 λόγος.
3695 5294 3994 5381 Sequitur

2304 5402 2733 5494 Scepticorum
2777 5402 3141 5491 disputatio.
3232 5401 3346 5466 Ad
3383 5421 3573 5489 quem
3611 5397 3817 5461 locum
3859 5397 3993 5464 hoec

2304 5508 2635 5576 Fabricius
2655 5532 2720 5597 p.
2754 5509 2932 5595 138.;
2969 5518 3011 5541 “
3032 5505 3415 5570 Ἀντιτυπίαν
3442 5499 3673 5569 omittit
3698 5501 3990 5585 (Sextus)

2307 5632 2368 5681 2.
2400 5611 2717 5700 Pyrrhon.
2766 5625 2912 5675 sect.
2947 5629 3007 5695 3.
3039 5623 3104 5673 et
3140 5606 3250 5673 lib.
3290 5605 3432 5671 adv.
3478 5605 3847 5670 Geometras
3885 5603 3996 5671 ali-

2454 5720 2510 5779 Q
