5118 6613
1617 586 1812 653 LIB.
1863 589 1918 652 I.
1965 584 2426 653 ENNEAD.
2473 582 2868 653 PRIMAE.
2913 610 2975 676 p.
3006 608 3193 675 3—9.
4090 608 4128 675 3

675 761 741 825 in
799 760 1100 848 Stephani
1159 759 1350 824 Thes.
1410 759 1510 825 ed.
1571 776 1698 826 vet.
1758 759 1825 824 h.
1881 759 1925 824 l.
1978 760 2177 824 active
2224 759 2362 824 ani·

675 886 847 928 mum
883 886 1112 951 corpus
1150 878 1567 951 permeantem
1613 863 1938 950 significat,
1969 862 2141 950 quod
2184 876 2366 927 antea

676 965 913 1054 passive
940 988 1054 1054 per
1083 964 1505 1032 διαπλέκεσθαι
1532 965 1915 1031 declaratum
1944 980 2099 1031 erat.
2162 967 2366 1031 Usur-

677 1085 868 1158 patur
891 1085 1101 1134 autem
1129 1067 1288 1133 illud
1317 1069 1580 1134 verbum
1624 1068 1704 1134 de
1748 1068 2005 1148 nuntiis,
2033 1069 2218 1133 famae
2260 1092 2366 1133 ru-

677 1171 976 1251 moribus,
1005 1170 1230 1237 deinde
1257 1170 1339 1235 ad
1368 1171 1571 1237 varios
1599 1194 1751 1237 usus
1778 1171 2149 1237 traducitur.
2223 1171 2364 1236 Vid.

680 1276 988 1341 Herodot.
1026 1272 1084 1339 I.
1115 1276 1216 1339 60.
1280 1273 1602 1340 Plutarch.
1649 1274 1729 1341 de
1774 1274 2074 1341 Garrulit.
2119 1298 2182 1363 p.
2211 1292 2363 1360 505.

680 1378 787 1444 ubi
821 1376 1117 1466 jungitur
1158 1400 1302 1442 cum
1348 1378 1702 1462 διακέχυται.
1779 1377 2047 1443 Lucian.
2090 1377 2368 1443 Pseudo-

679 1495 874 1546 mant.
905 1482 1003 1545 X.
1030 1504 1096 1569 p.
1121 1496 1269 1564 217.
1300 1484 1513 1545 Amst.
1577 1480 1769 1547 Adde
1799 1484 2007 1548 Sturz.
2041 1482 2201 1545 Lex.
2232 1481 2370 1545 Xe-

680 1584 869 1673 noph.
900 1583 966 1648 in
988 1585 1139 1649 Voc.
1170 1598 1233 1649 et
1264 1583 1552 1649 Irmisch.
1584 1585 1734 1650 Ind.
1757 1584 2101 1651 Herodian.
2131 1604 2194 1671 p.
2216 1584 2366 1650 626.

682 1687 1158 1775 ‹sq—Proxime
1186 1691 1347 1769 παρὰ
1373 1692 1544 1752 τοῦτο
1574 1702 1667 1752 est
1690 1698 1950 1776 propter
1978 1710 2074 1767 ea,
2106 1701 2180 1751 ut
2208 1688 2371 1769 παρὰ

682 1793 744 1855 τί
767 1806 861 1856 est
889 1812 1016 1879 qua
1043 1791 1118 1854 de
1143 1813 1358 1868 causa,
1387 1789 1521 1873 παρ’
1554 1790 1588 1854 ὃ
1604 1800 1967 1879 propterea.
2058 1790 2204 1854 vid.
2238 1791 2373 1855 Ste-

682 1893 873 1982 phan.
898 1893 1095 1958 Thes.
1129 1916 1195 1981 p.
1218 1909 1404 1976 7200.
1436 1917 1525 1981 sq.
1556 1894 1652 1958 ed.
1680 1893 1886 1959 Lond.
1915 1892 2194 1958 Fischeri
2227 1890 2371 1957 Iud.

684 1997 747 2060 in
780 1995 1066 2061 AEschin.
1096 1996 1358 2060 Axioch.
1402 1996 1481 2060 ad
1531 1997 1670 2061 111.
1700 2016 1768 2077 4.
1832 1994 2039 2084 Viget.
2070 1996 2150 2061 de
2182 1996 2373 2060 Idiot.

690 2100 823 2163 IX.
853 2100 919 2164 6.
939 2116 1004 2184 5.
1032 2123 1100 2188 p.
1120 2102 1264 2185 645.
1296 2122 1440 2164 cum
1471 2113 1683 2164 annot.
1712 2100 1792 2165 cf.
1822 2099 1975 2165 ibid.
2023 2102 2371 2166 Hermann.

685 2224 782 2267 nr.
812 2220 965 2283 412.
1011 2224 1080 2289 p.
1113 2202 1258 2267 862.
1303 2202 1497 2267 Adde
1531 2202 1826 2268 Proclum
1854 2202 1920 2267 in
1951 2203 2112 2267 Inst.
2146 2201 2370 2267 Theol.

685 2327 823 2392 cap.
849 2324 997 2387 142.
1029 2328 1094 2393 p.
1116 2324 1259 2372 210.
1290 2305 1391 2370 ed.
1417 2305 1706 2371 Francos.

769 2430 839 2495 p.
869 2408 934 2486 6,
967 2406 1030 2472 6.
1076 2407 1341 2497 ὀργάνῳ]
1389 2411 1492 2474 De
1531 2432 1789 2496 corpore
1816 2421 2112 2496 tanquam
2149 2406 2372 2473 animae

688 2511 1097 2576 instrumento
1122 2511 1548 2600 exemplorum
1590 2536 1668 2577 ex
1707 2511 2089 2600 philosophis
2131 2510 2373 2600 copiam

689 2612 1048 2702 suppeditat
1066 2614 1516 2702 Wyttenbach.
1543 2614 1622 2679 ad
1645 2614 1963 2680 Plutarch.
1986 2616 2159 2702 Sept.
2182 2616 2370 2702 Sapp.

690 2716 957 2782 Conviv.
1005 2740 1071 2805 p.
1102 2717 1251 2803 988.
1342 2719 1425 2782 In
1465 2716 1801 2806 proximis:
1852 2718 1947 2782 καὶ
1991 2721 2107 2800 γὰρ
2152 2718 2377 2782 ἄτοπόν

691 2829 840 2901 φησι
883 2818 992 2899 τὴν
1028 2820 1235 2904 ψυχὴν
1274 2823 1551 2904 ὑφαίνειν
1579 2821 1806 2903 λέγειν,
1837 2820 2040 2908 tangit
2066 2819 2226 2885 illud
2254 2822 2376 2885 Ce-

687 2921 846 2987 betis
872 2921 937 2986 in
967 2921 1247 2988 Platonis
1276 2924 1596 2989 Phaedone
1623 2946 1686 3011 p.
1712 2925 1817 3007 87.
1847 2922 1915 2987 d.
1959 2944 2027 3011 p.
2058 2923 2166 2988 66.
2209 2920 2376 2988 Bek-

688 3023 820 3089 keri
839 3024 1082 3090 ε-ἆλλ’
1107 3027 1144 3107 ἦ
1171 3027 1342 3110 ψυχὴ
1370 3028 1464 3092 ἀεὶ
1492 3026 1559 3090 τὸ
1592 3028 2091 3109 κατατριβόμενον
2120 3026 2373 3109 ἀνυφαί-

692 3153 801 3203 νοι,
832 3128 1006 3216 quod
1035 3127 1097 3192 in
1128 3128 1532 3216 sequentibus
1560 3128 1832 3216 exagitat
1868 3130 2173 3193 SocrateS.
2250 3126 2379 3193 Te-

690 3229 963 3296 nendum
1004 3231 1192 3312 enim,
1231 3231 1317 3297 sic
1360 3232 1553 3297 solere
1594 3231 1937 3311 Plotinum,
1969 3245 2062 3312 ut,
2093 3231 2204 3296 ubi
2237 3230 2380 3296 Pla-

692 3334 851 3399 tonis
878 3335 1146 3401 maxime
1174 3336 1341 3402 locos
1369 3336 1674 3424 respiciat,
1708 3347 1966 3424 usurpet
2005 3359 2190 3401 suum
2220 3333 2377 3400 illud

692 3440 862 3519 φησί.
941 3440 1202 3504 Constat
1244 3439 1405 3504 enim
1458 3441 1713 3505 Graecos
1765 3438 1922 3503 illud
1974 3462 2157 3504 suum
2208 3439 2376 3523 φησὶ,

692 3539 952 3605 Latinos
977 3541 1206 3631 inquit,
1235 3541 1554 3608 indefinite
1584 3565 1909 3630 usurpare,
1931 3541 2029 3606 vel
2058 3565 2176 3630 pro
2205 3542 2377 3625 φασὶ,

690 3644 1008 3730 inquiunt,
1039 3642 1138 3708 vel
1179 3645 1287 3709 ubi
1328 3643 1600 3733 aliquem
1643 3644 2064 3710 adversarium
2109 3644 2223 3709 sibi
2266 3644 2382 3708 fin-

691 3759 873 3832 gunt,
902 3745 1014 3833 qui
1051 3745 1288 3834 aliquid
1316 3746 1588 3835 objiciat.
1678 3748 1841 3813 Inde
1883 3748 2014 3813 fere
2054 3747 2119 3811 in
2164 3770 2382 3835 paren-

693 3847 851 3912 thesi
879 3848 1176 3915 collocare
1205 3849 1418 3915 solent.
1487 3852 1689 3929 Quam
1721 3850 2212 3916 observationem
2241 3864 2383 3938 post

694 3949 1046 4017 Bentleium
1075 3952 1157 4018 ad
1187 3953 1436 4017 Horatii
1471 3955 1791 4018 Sermonn.
1825 3954 1886 4018 1.
1911 3974 1975 4036 4.
2003 3955 2109 4039 78.
2143 3951 2383 4019 Graecis

696 4054 1065 4143 Latinisque
1107 4055 1509 4144 scriptoribus
1556 4056 2000 4123 adhibuerunt.
2088 4056 2384 4122 Davisius

693 4155 775 4221 ad
819 4156 1018 4222 Cicer.
1053 4157 1340 4223 Tuscull.
1374 4161 1433 4224 I.
1458 4180 1571 4247 39.
1646 4159 1939 4248 Toupius
1979 4159 2061 4224 ad
2107 4158 2382 4248 Longin.

697 4261 758 4343 ξ.
796 4279 894 4326 11.
933 4283 1000 4348 p.
1034 4276 1177 4347 275.
1210 4262 1312 4327 ed.
1344 4265 1553 4328 Oxon.
1628 4261 1961 4329 Heindorf.
2008 4262 2090 4327 ad
2133 4261 2379 4327 Platon.

697 4363 903 4450 Gorg.
937 4365 997 4446 ξ.
1024 4365 1161 4429 166.
1207 4388 1274 4453 p.
1307 4369 1449 4434 262.
1508 4365 1833 4455 Ruhkopf.
1862 4366 1945 4431 ad
1976 4367 2272 4431 Senecam
2302 4362 2382 4429 de

697 4464 915 4530 Benef.
950 4467 1050 4532 ΙΙ.
1085 4487 1181 4531 11.
1225 4490 1291 4556 p.
1319 4488 1426 4556 53.
1473 4471 1779 4557 Interprr.
1838 4468 1920 4533 ad
1968 4466 2203 4533 Marini
2249 4467 2380 4533 Vit.

697 4567 928 4648 Procli,
970 4592 1034 4657 p.
1071 4587 1215 4656 145.
1256 4571 1357 4636 ed.
1390 4572 1672 4637 Boisson.
1722 4585 1785 4636 et
1826 4570 1959 4659 ipse
2000 4571 2080 4636 ad
2127 4570 2261 4637 Cic.
2305 4569 2385 4636 de

699 4670 847 4735 Nat.
880 4671 969 4735 D.
1005 4673 1064 4736 I.
1094 4676 1202 4758 36.
1231 4696 1297 4761 p.
1323 4676 1460 4757 164.
1530 4672 1915 4740 Plotinianus
1957 4687 2164 4738 tamen
2207 4695 2381 4751 usus,

700 4795 830 4859 quo
853 4772 1134 4839 Platonis
1161 4797 1386 4842 nomen
1430 4800 1544 4865 per
1570 4776 1811 4865 ellipsin
1840 4776 2171 4855 omittitur,
2200 4774 2385 4841 aliam

696 4897 945 4940 causam
966 4876 1392 4967 originemque
1416 4879 1629 4959 habet,
1651 4904 1687 4944 e
1710 4878 1934 4945 scholis
1961 4879 2381 4967 repetendam,

698 4975 765 5041 in
786 4977 1020 5066 quibus
1045 5003 1189 5048 cum
1220 4982 1553 5070 saepissime
1578 4983 1656 5048 ad
1689 4981 1915 5048 summi
1937 4981 2215 5069 magistri
2242 5005 2388 5046 auc-

698 5080 1010 5148 toritatem
1036 5099 1444 5172 provocarent
1472 5084 1880 5175 disputantes,
1911 5084 2128 5149 eodem
2159 5107 2386 5173 prope-

697 5183 957 5251 modum
993 5187 1183 5252 modo
1212 5187 1372 5253 illud
1401 5190 1551 5273 φησὶ
1589 5188 1875 5267 invaluit,
1904 5211 2034 5276 quo
2059 5188 2231 5276 apud
2262 5189 2389 5276 Py-

700 5284 1030 5375 thagoreos
1058 5289 1216 5356 illud
1246 5291 1420 5360 αὐτὸς
1448 5292 1589 5376 ἔφα.
1637 5293 1842 5357 Nemo
1860 5290 2025 5356 enim
2056 5289 2386 5372 nesciebat,

700 5388 784 5454 ad
812 5414 999 5478 quem
1027 5391 1091 5458 in
1122 5394 1592 5461 Platonicorum
1622 5394 1846 5460 scholis
1873 5393 2386 5483 philosophorum

700 5493 1007 5580 pertineat
1033 5494 1204 5561 istud
1233 5500 1403 5582 φησί.
1482 5500 1619 5564 Nec
1645 5497 1766 5563 alia
1793 5498 1952 5563 ratio
1979 5511 2112 5562 erat
2144 5497 2386 5563 Stoico-

701 5617 866 5675 rum,
895 5596 1007 5684 qui
1034 5596 1142 5663 illo
1168 5622 1284 5666 suo
1311 5602 1464 5684 φησὶ
1492 5600 1590 5667 vel
1620 5603 1938 5666 Zenonem
1967 5599 2064 5664 vel
2090 5599 2390 5688 Chrysip-

701 5719 858 5784 pum
885 5699 1313 5790 designabant.
1351 5705 1541 5772 Unde
1569 5704 1734 5771 idem
1763 5727 1916 5770 usus
1943 5701 2269 5768 traductus
2296 5716 2391 5769 est

2449 759 2514 823 in
2542 758 2791 824 Arriani
2818 756 3267 848 disputationes
3296 759 3524 847 scripto
3552 760 3974 849 consignatas3
4021 762 4132 850 qui

2449 861 2706 950 quidem
2749 886 2863 928 suo
2890 860 2996 928 illo
3025 866 3177 947 φησὶ
3204 862 3565 951 Epictetum
3595 863 3724 928 fere
3752 862 4135 930 declaratum

2451 964 2611 1031 vult.
2623 967 2699 1031 V.
2725 990 2776 1031 c.
2804 967 2947 1032 111.
2975 986 3032 1034 2.
3048 969 3108 1033 6.
3138 971 3308 1031 τοῦτο
3337 969 3484 1049 ὑπὲρ
3511 968 3678 1047 ἡμᾶς,
3710 969 3915 1050 φησὶν,
3949 970 4130 1033 ἐστίν.

2453 1069 2557 1133 Cf.
2590 1070 2649 1136 Ι.
2685 1071 2781 1135 16.
2804 1071 2861 1134 8.
2910 1071 3014 1135 II.
3048 1080 3152 1155 23.
3176 1070 3276 1134 16.
3323 1070 3379 1133 I.
3399 1089 3460 1151 4.
3485 1070 3587 1137 28.
3620 1066 3770 1157 ibiq.
3803 1069 4043 1158 Upton.
4071 1085 4134 1135 et

2454 1172 2933 1261 Schweighaeus.
2984 1175 3170 1238 Tom.
3212 1173 3316 1238 11.
3357 1197 3424 1262 p.
3466 1175 3575 1241 62.
3633 1173 3714 1238 cf.
3756 1173 3946 1238 Tom.
3993 1173 4136 1237 111.

2451 1297 2517 1363 P·
2545 1293 2699 1359 472.
2732 1299 2826 1364 ΒΨ

2536 1401 2604 1466 p.
2638 1395 2698 1462 7,
2738 1399 2834 1444 10.
2879 1384 2974 1445 δεῖ
3010 1381 3154 1460 αἷμα
3198 1380 3294 1444 καὶ
3335 1379 3529 1463 χολὴν
3570 1378 3768 1467 ζέσαι]
3813 1380 4032 1466 Anyte
4074 1377 4137 1442 in

2452 1481 2802 1569 Antholog.
2838 1496 2940 1567 15.
2971 1485 3115 1562 αἷμα
3143 1485 3240 1547 διὰ
3265 1482 3491 1566 χρωτὸς
3526 1481 3726 1559 ξέσσε.
3769 1481 3853 1546 cf.
3882 1480 4137 1546 Jacobs.

2455 1586 2575 1649 VI.
2606 1604 2674 1673 p.
2697 1600 2849 1671 432.
2899 1586 3036 1650 IX.
3069 1609 3135 1674 p.
3164 1600 3310 1671 203.
3384 1586 3615 1650 Noster
3647 1608 3713 1673 p.
3743 1603 3889 1666 420.
3922 1585 4004 1648 Ε.
4048 1582 4139 1661 ζέ-

2454 1713 2625 1756 οντες
2666 1689 2866 1769 αἶματι
2910 1689 3005 1753 καὶ
3044 1692 3200 1772 χολῇ
3237 1687 3371 1775 (qui
3411 1686 3585 1752 locus
3622 1687 3874 1752 omnino
3896 1710 4144 1775 compa-

2454 1790 2717 1875 randus)
2761 1805 2824 1857 et
2867 1789 3231 1879 saepiuscule
3282 1791 3494 1855 dativo
3533 1794 3693 1878 θυμῷ
3740 1802 3803 1855 et
3842 1788 4143 1855 similibus

2448 1894 2759 1983 jungitur.
2830 1895 2971 1959 vid.
3008 1893 3187 1960 Suid.
3216 1893 3282 1959 in
3311 1893 3486 1972 ζέσας
3514 1898 3696 1981 θυμῷ.
3774 1895 4049 1959 Zonaras
4076 1916 4142 1981 p.

2459 2011 2607 2083 955.
2638 1997 2790 2086 ibiq.
2817 1997 3042 2064 Tittm.
3091 1997 3214 2063 Sed
3238 2012 3442 2063 tamen
3477 1997 3802 2062 Himerius
3829 2019 3892 2085 p.
3913 1998 4015 2063 62.
4045 1995 4142 2060 ed.

2462 2100 2716 2189 Steph.:
2764 2101 2942 2182 θυμὸς
2985 2100 3175 2179 ἐπέξει
3216 2105 3323 2166 τοῦ
3361 2104 3599 2184 μετρίου
3626 2101 3836 2168 πλέον.
3916 2099 4023 2164 Cf.
4053 2098 4146 2163 in—

2458 2223 2648 2291 super
2679 2202 2914 2269 Suicer.
2942 2204 3132 2270 Thes.
3163 2204 3406 2269 Eccles.
3439 2202 3495 2268 I.
3526 2228 3590 2292 p.
3618 2205 3805 2290 1296.
3851 2201 4144 2267 Matthaei

2456 2305 2538 2369 ad
2584 2307 2689 2371 Jo.
2722 2306 3042 2394 Chrysost.
3093 2306 3354 2372 Homill.
3399 2320 3691 2394 quatuor,
3733 2306 3790 2370 1.
3838 2328 3901 2393 p.
3934 2305 4035 2370 62.
4084 2317 4148 2368 et

2457 2404 2883 2474 Valckenaerii
2918 2409 3144 2477 Scholl.
3175 2409 3238 2473 in
3271 2410 3355 2474 N.
3379 2410 3461 2473 T.
3491 2411 3594 2474 II.
3638 2431 3704 2496 p.
3734 2405 4148 2494 568.—Hinc

2456 2512 2688 2577 Noster
2710 2511 2872 2578 infra
2892 2535 2957 2601 p.
2975 2512 3284 2600 389.-τὸ
3306 2516 3572 2577 τοιοῦτον
3600 2513 3745 2592 αἷμα
3772 2511 4148 2593 ἀποκρίνεται

2459 2618 2529 2695 τῇ
2558 2620 2664 2680 τοῦ
2693 2620 2877 2696 θυμοῦ
2903 2615 3079 2693 ζέσει.

2545 2740 2610 2805 p.
2644 2718 2704 2797 8,
2744 2736 2838 2805 13.
2890 2722 3146 2803 ψυχικῆς
3207 2717 3532 2805 δυνάμεως]
3595 2717 3699 2781 Ad
3752 2740 3813 2781 v.
3869 2724 3947 2801 ψ.
4006 2728 4148 2782 tene

2460 2819 2597 2885 11ωο
2640 2818 3119 2891 Aristotelisde
3162 2820 3389 2885 Anima
3435 2822 3534 2885 11.
3572 2839 3674 2887 12.
3719 2843 3782 2908 p.
3813 2840 3921 2904 47.
3972 2819 4149 2908 Sylb.

2464 2924 2562 2988 καὶ
2589 2926 2686 2989 διὰ
2711 2925 2776 2989 τί
2796 2950 2943 2989 ποτε
2979 2928 3055 2990 τὰ
3093 2928 3252 3008 φυτᾶ
3290 2924 3396 2989 οὐκ
3443 2922 3805 2998 αἰσθάνεται,
3840 2922 4058 3007 ἔχοντά
4095 2950 4151 2988 τι

2460 3028 2670 3108 μόριον
2710 3026 2972 3111 ψυχικὸν
3016 3028 3113 3092 καὶ
3155 3025 3471 3112 πάσχοντά
3512 3052 3569 3090 τι
3608 3025 3723 3090 ὑπὸ
3766 3031 3883 3090 τῶν
3928 3028 4148 3099 ἁπτῶν,

2461 3128 2737 3216 itemque
2768 3127 2968 3194 Procli
2994 3128 3059 3194 in
3091 3129 3333 3218 Cratyl.
3365 3131 3427 3213 ξ.
3453 3150 3558 3215 99.
3600 3152 3671 3217 Ρ.
3695 3129 3804 3216 56.
3837 3127 3917 3193 de
3943 3130 4146 3193 Jove:

2466 3234 2562 3297 καὶ
2601 3234 2677 3300 ὣς
2719 3234 2832 3313 μὲν
2875 3232 2981 3297 τὸν
3026 3234 3257 3316 Κρόνον
3303 3234 3452 3298 ὅλον
3492 3231 3919 3313 εἷσδεξάμενος,
3951 3232 4151 3295 οὗσιο-

2464 3338 2632 3404 ποιός
2681 3338 2811 3401 ἔστι
2852 3340 2952 3416 τῆς
3000 3341 3243 3419 τριπλῆς
3289 3337 3512 3411 οὐσίας,
3562 3337 3899 3418 ἀμερίστου,
3946 3334 4151 3416 μέσης,

2463 3443 2757 3521 μεριστῆς,
2780 3442 2926 3505 κατὰ
2955 3441 3020 3504 δὲ
3048 3439 3155 3519 τὴν
3179 3441 3246 3504 ἑν
3270 3442 3454 3525 ἑαυτῷ
3472 3437 3668 3516 Ῥέαν,
3692 3442 3943 3521 τριπλῆν
3962 3436 4152 3521 πηγάό

2463 3550 2547 3618 ζει
2588 3541 2758 3622 ζωὴν,
2806 3545 3040 3625 νοερᾶν,
3085 3542 3369 3627 ψυχικὴν,
3420 3540 3770 3621 σωματικήν.
3835 3542 4149 3605 Caeterum

2463 3643 2973 3732 Theophylactus
3001 3644 3064 3708 in
3090 3665 3119 3708 1
3137 3644 3424 3710 Corinth.
3442 3645 3596 3708 XV.
3619 3667 3679 3732 p.
3701 3645 3857 3730 308:
3890 3642 4153 3728 ψυχικὸν

2466 3751 2657 3827 σῶμα,
2687 3746 2754 3810 τὸ
2791 3746 2905 3812 ὕπὸ
2944 3752 3061 3811 τῶν
3097 3751 3370 3830 ψυχικῶν
3400 3744 3701 3827 δυνάμεων
3729 3746 4148 3823 διοικούμενον.

2467 3847 2782 3937 Apostolis
2796 3864 2859 3914 et
2876 3848 3145 3914 ecclesiae
3163 3846 3566 3936 scriptoribus
3579 3847 3835 3931 ψυχικὸς
3851 3846 4153 3934 significat

2465 3952 2598 4017 fere
2625 3952 3074 4040 cupiditatibus
3100 3952 3386 4040 corporis
3414 3951 3954 4039 voluptatibusque
3979 3971 4157 4013 man-

2466 4056 2768 4142 cipatum,
2795 4068 2859 4119 et
2900 4054 3277 4119 contrarium
3322 4068 3416 4119 est
3456 4058 3538 4142 τῷ
3580 4057 3965 4140 πνευματικῷ.
4012 4052 4154 4117 Vid.

2472 4156 2738 4222 Suidas
2722 4179 2786 4222 m
2815 4157 3070 4242 ψυχικὸς
3114 4159 3436 4240 ἄνθρωπος,
3473 4155 3711 4221 Suiceri
3740 4155 4051 4220 Thesaur.
4092 4155 4155 4220 in

2467 4262 2723 4344 ψυχικάς
2749 4275 2813 4325 et
2839 4260 3204 4347 interpretes
3231 4259 3313 4324 ad
3344 4279 3373 4325 1
3400 4258 3684 4325 Corinth.
3706 4258 3810 4323 11.
3839 4279 3938 4341 14.
3967 4258 4159 4347 inpri-

2466 4361 2586 4427 mis
2614 4363 2693 4427 L.
2723 4365 2803 4428 C.
2827 4361 3216 4429 Valckenarii
3249 4362 3504 4428 Scholas
3543 4362 3609 4426 in
3647 4362 3734 4426 N.
3769 4362 3855 4426 T.
3884 4361 4025 4426 vol.
4057 4363 4156 4427 11.

2466 4489 2529 4554 p.
2566 4481 2704 4552 137.
2736 4489 2872 4556 sqq.
2961 4467 3079 4531 Est
3121 4464 3383 4555 proinde
3421 4487 3546 4530 non
3584 4488 3726 4529 raro
3761 4463 3928 4529 idem
3966 4479 4159 4553 atque

2469 4572 2759 4653 σαρκικός.
2852 4570 2958 4635 Cf.
3006 4569 3192 4634 etiam
3244 4568 3670 4657 Theologipho
3711 4567 3983 4634 Studien
4024 4569 4162 4632 und

2467 4673 2773 4738 Kritiken
2820 4696 2945 4738 von
2999 4674 3302 4739 Ullmann
3348 4695 3411 4736 u.
3465 4671 3747 4737 Umbreit
3793 4671 3849 4734 I.
3901 4689 3961 4738 2.
4010 4692 4158 4759 pag.

2555 4902 2619 4967 Ρ.
2654 4899 2717 4964 9,
2750 4881 2811 4944 8.
2861 4883 3069 4961 Νοητᾶ
3110 4882 3227 4963 γᾶρ
3268 4878 3402 4964 ἤδη]
3457 4877 3711 4943 Adhibe
3740 4878 3797 4941 F
3798 4874 3943 4941 icini
3975 4878 4161 4942 Com—

2468 4995 2731 5047 mentar.
2776 4981 2838 5046 in
2883 4982 2947 5047 h.
2973 4982 3016 5046 l.
3047 4997 3111 5048 et
3140 4981 3392 5049 consule
3424 4980 3756 5047 Themistii
3787 4980 4159 5068 Paraphras.

2469 5083 2532 5149 in
2578 5083 2716 5149 libr.
2750 5085 2807 5150 1.
2855 5085 3211 5151 Aristotelis
3254 5084 3335 5151 de
3380 5085 3617 5151 Anima
3667 5084 3789 5170 (ed.
3838 5081 4160 5148 Hermolai

2472 5187 2757 5253 Barbari.
2804 5187 2991 5254 Basil.
3031 5192 3247 5276 1533.)
3283 5212 3348 5278 p.
3370 5209 3521 5276 439.
3552 5211 3686 5276 sqq.
3717 5202 3782 5254 et
3807 5187 3873 5251 in
3900 5186 4038 5251 libr.
4062 5186 4158 5248 II.

2472 5289 2554 5356 de
2582 5290 2812 5356 Anima
2838 5313 2904 5379 p.
2921 5294 3073 5373 460.
3104 5314 3242 5379 sqq.

2574 5431 2663 5445 —
2710 5413 2806 5461 12.
2873 5395 3016 5459 ἔνθα
3075 5394 3144 5473 δὴ
3204 5395 3368 5476 ἡμεῖς
3428 5394 3720 5480 μάλιστα]
3792 5394 3892 5458 Sc.
3952 5389 4158 5471 ἐσμέν.

2473 5497 2676 5562 Haud
2703 5496 2815 5562 abs
2842 5519 2910 5560 re
2938 5495 3004 5561 h.
3026 5496 3071 5560 l.
3094 5496 3564 5584 Engelhardtus
3592 5497 3713 5562 hoc
3737 5492 4163 5559 Plotinianum

2471 5599 2637 5680 ἡμεῖς
2676 5599 3060 5688 comparavit
3086 5621 3228 5665 cum
3256 5598 3365 5664 illo
3391 5597 3699 5664 celebrato
3724 5598 3881 5685 Ego
3906 5595 4168 5662 recenti-

2472 5723 2654 5766 orum
2687 5701 3290 5791 Metaphysicorum,
3311 5700 3578 5767 maxime
3603 5722 3719 5790 per
3742 5699 4162 5767 Germaniam.

2547 5809 2598 5861 B
2634 5797 2681 5863 2
