<?xml version="1.0" encoding="UTF-8"?>
<!DOCTYPE html PUBLIC "-//W3C//DTD XHTML 1.0 Transitional//EN"
    "http://www.w3.org/TR/xhtml1/DTD/xhtml1-transitional.dtd">
<html xmlns="http://www.w3.org/1999/xhtml" xml:lang="en" lang="en">
 <head>
  <title>
</title>
<meta http-equiv="Content-Type" content="text/html;charset=utf-8" />
  <meta name='ocr-system' content='tesseract 3.04.00' />
  <meta name='ocr-capabilities' content='ocr_page ocr_carea ocr_par ocr_line ocrx_word'/>
</head>
<body>
  <div class='ocr_page' id='page_1' title='image "./plotinioperaomn00chumgoog_0465.png"; bbox 0 0 5118 6613; ppageno 0'>
   <div class='ocr_carea' id='block_1_1' title="bbox 1565 547 3046 616">
    <p class='ocr_par' dir='ltr' id='par_1_1' title="bbox 1565 547 3046 616">
     <span class='ocr_line' id='line_1_1' title="bbox 1565 547 3046 616; baseline -0.001 -3"><span class='ocrx_word' id='word_1_1' title='bbox 1565 548 1882 615; x_wconf 90' lang='lat' dir='ltr'><strong>INDEX</strong></span> <span class='ocrx_word' id='word_1_2' title='bbox 1926 547 2276 614; x_wconf 85' lang='lat' dir='ltr'><strong>RERUM</strong></span> <span class='ocrx_word' id='word_1_3' title='bbox 2319 549 2452 615; x_wconf 86' lang='grc' dir='ltr'><strong>ΕΤ</strong></span> <span class='ocrx_word' id='word_1_4' title='bbox 2495 548 3046 616; x_wconf 81' lang='lat' dir='ltr'><strong>VERBORUM.</strong></span> 
     </span>
    </p>
   </div>
   <div class='ocr_carea' id='block_1_2' title="bbox 556 721 4038 805">
    <p class='ocr_par' dir='ltr' id='par_1_2' title="bbox 556 721 4038 805">
     <span class='ocr_line' id='line_1_2' title="bbox 556 721 4038 805; baseline 0 -23"><span class='ocrx_word' id='word_1_5' title='bbox 556 723 724 783; x_wconf 88' lang='lat' dir='ltr'><strong>timor</strong></span> <span class='ocrx_word' id='word_1_6' title='bbox 758 723 1029 783; x_wconf 88' lang='lat' dir='ltr'><strong>animone</strong></span> <span class='ocrx_word' id='word_1_7' title='bbox 1066 721 1158 792; x_wconf 88' lang='lat' dir='ltr'><strong>sit,</strong></span> <span class='ocrx_word' id='word_1_8' title='bbox 1197 742 1271 781; x_wconf 88' lang='lat' dir='ltr'><strong>an</strong></span> <span class='ocrx_word' id='word_1_9' title='bbox 1310 724 1557 802; x_wconf 75' lang='lat' dir='ltr'>corpori,</span> <span class='ocrx_word' id='word_1_10' title='bbox 1586 743 1659 783; x_wconf 79' lang='lat' dir='ltr'><strong>an</strong></span> <span class='ocrx_word' id='word_1_11' title='bbox 1742 724 1913 784; x_wconf 81' lang='lat' dir='ltr'><strong>verba</strong></span> <span class='ocrx_word' id='word_1_12' title='bbox 1950 722 2172 805; x_wconf 89' lang='lat' dir='ltr'><strong>magica</strong></span> <span class='ocrx_word' id='word_1_13' title='bbox 2205 724 2359 785; x_wconf 89' lang='lat' dir='ltr'><strong>unde</strong></span> <span class='ocrx_word' id='word_1_14' title='bbox 2394 722 2506 782; x_wconf 89' lang='lat' dir='ltr'><strong>vim</strong></span> <span class='ocrx_word' id='word_1_15' title='bbox 2545 742 2709 784; x_wconf 90' lang='lat' dir='ltr'><strong>suam</strong></span> <span class='ocrx_word' id='word_1_16' title='bbox 2743 722 2851 781; x_wconf 89' lang='lat' dir='ltr'><strong>ha·</strong></span> <span class='ocrx_word' id='word_1_17' title='bbox 2930 721 3125 783; x_wconf 90' lang='lat' dir='ltr'><strong>virtuti</strong></span> <span class='ocrx_word' id='word_1_18' title='bbox 3154 723 3429 783; x_wconf 80' lang='lat' dir='ltr'><strong>absolutae</strong></span> <span class='ocrx_word' id='word_1_19' title='bbox 3448 735 3681 783; x_wconf 70' lang='lat' dir='ltr'><strong>externa</strong></span> <span class='ocrx_word' id='word_1_20' title='bbox 3699 723 3781 782; x_wconf 88' lang='lat' dir='ltr'><strong>nil</strong></span> <span class='ocrx_word' id='word_1_21' title='bbox 3801 723 4038 793; x_wconf 88' lang='lat' dir='ltr'><strong>addunt,</strong></span> 
     </span>
    </p>
   </div>
   <div class='ocr_carea' id='block_1_3' title="bbox 554 804 1662 965">
    <p class='ocr_par' dir='ltr' id='par_1_3' title="bbox 554 804 1662 965">
     <span class='ocr_line' id='line_1_3' title="bbox 634 804 1658 864; baseline -0.001 -1"><span class='ocrx_word' id='word_1_22' title='bbox 634 804 804 864; x_wconf 87' lang='lat' dir='ltr'><strong>misto</strong></span> <span class='ocrx_word' id='word_1_23' title='bbox 830 804 1054 864; x_wconf 88' lang='lat' dir='ltr'><strong>cuidam</strong></span> <span class='ocrx_word' id='word_1_24' title='bbox 1082 805 1486 864; x_wconf 87' lang='lat' dir='ltr'><strong>adscribendus</strong></span> <span class='ocrx_word' id='word_1_25' title='bbox 1627 823 1658 862; x_wconf 88' lang='lat'><em>2</em></span> 
     </span>
     <span class='ocr_line' id='line_1_4' title="bbox 554 885 1662 965; baseline -0.002 -19"><span class='ocrx_word' id='word_1_26' title='bbox 554 885 787 946; x_wconf 86' lang='lat' dir='ltr'><strong>Titanes</strong></span> <span class='ocrx_word' id='word_1_27' title='bbox 814 906 850 945; x_wconf 89' lang='lat' dir='ltr'><strong>a</strong></span> <span class='ocrx_word' id='word_1_28' title='bbox 875 888 1020 946; x_wconf 81' lang='lat' dir='ltr'><strong>Jove</strong></span> <span class='ocrx_word' id='word_1_29' title='bbox 1047 886 1329 946; x_wconf 84' lang='lat' dir='ltr'><strong>fulminati</strong></span> <span class='ocrx_word' id='word_1_30' title='bbox 1369 887 1434 945; x_wconf 89' lang='lat' dir='ltr'><strong>F.</strong></span> <span class='ocrx_word' id='word_1_31' title='bbox 1464 907 1521 965; x_wconf 91' lang='lat' dir='ltr'><strong>p.</strong></span> <span class='ocrx_word' id='word_1_32' title='bbox 1547 886 1662 945; x_wconf 87' lang='lat'><strong>160</strong></span> 
     </span>
    </p>
   </div>
   <div class='ocr_carea' id='block_1_4' title="bbox 553 968 1659 1209">
    <p class='ocr_par' dir='ltr' id='par_1_4' title="bbox 553 968 1659 1209">
     <span class='ocr_line' id='line_1_5' title="bbox 553 968 1659 1028; baseline 0.001 -1"><span class='ocrx_word' id='word_1_33' title='bbox 553 968 790 1027; x_wconf 78' lang='lat' dir='ltr'><strong>Titanes</strong></span> <span class='ocrx_word' id='word_1_34' title='bbox 1581 969 1659 1028; x_wconf 89' lang='lat' dir='ltr'><strong>ib.</strong></span> 
     </span>
     <span class='ocr_line' id='line_1_6' title="bbox 555 1047 1657 1129; baseline 0 -20"><span class='ocrx_word' id='word_1_35' title='bbox 555 1047 867 1129; x_wconf 74' lang='lat' dir='ltr'>torpedinis</span> <span class='ocrx_word' id='word_1_36' title='bbox 894 1048 977 1108; x_wconf 87' lang='lat' dir='ltr'><strong>vis</strong></span> <span class='ocrx_word' id='word_1_37' title='bbox 1311 1048 1437 1108; x_wconf 77' lang='lat' dir='ltr'><strong>Fic.</strong></span> <span class='ocrx_word' id='word_1_38' title='bbox 1467 1069 1522 1127; x_wconf 89' lang='lat' dir='ltr'><strong>p.</strong></span> <span class='ocrx_word' id='word_1_39' title='bbox 1544 1066 1657 1126; x_wconf 83' lang='lat'><strong>233</strong></span> 
     </span>
     <span class='ocr_line' id='line_1_7' title="bbox 554 1128 1659 1209; baseline 0 -19"><span class='ocrx_word' id='word_1_40' title='bbox 554 1141 740 1190; x_wconf 88' lang='lat' dir='ltr'><strong>totum</strong></span> <span class='ocrx_word' id='word_1_41' title='bbox 768 1128 954 1209; x_wconf 89' lang='lat' dir='ltr'><strong>primo</strong></span> <span class='ocrx_word' id='word_1_42' title='bbox 982 1128 1120 1209; x_wconf 90' lang='lat' dir='ltr'><strong>quid</strong></span> <span class='ocrx_word' id='word_1_43' title='bbox 1308 1129 1433 1190; x_wconf 86' lang='lat' dir='ltr'><strong>Fic.</strong></span> <span class='ocrx_word' id='word_1_44' title='bbox 1461 1150 1519 1209; x_wconf 89' lang='lat' dir='ltr'><strong>p.</strong></span> <span class='ocrx_word' id='word_1_45' title='bbox 1541 1146 1659 1208; x_wconf 90' lang='grc'><strong>592</strong></span> 
     </span>
    </p>
   </div>
   <div class='ocr_carea' id='block_1_5' title="bbox 555 1210 1665 1535">
    <p class='ocr_par' dir='ltr' id='par_1_5' title="bbox 555 1210 1662 1291">
     <span class='ocr_line' id='line_1_8' title="bbox 555 1210 1662 1291; baseline -0.001 -20"><span class='ocrx_word' id='word_1_46' title='bbox 555 1225 744 1271; x_wconf 88' lang='grc'>10111111</span> <span class='ocrx_word' id='word_1_47' title='bbox 772 1230 871 1270; x_wconf 89' lang='grc'>0011</span> <span class='ocrx_word' id='word_1_48' title='bbox 899 1231 1072 1270; x_wconf 87' lang='grc'>0111110</span> <span class='ocrx_word' id='word_1_49' title='bbox 1101 1210 1239 1291; x_wconf 89' lang='lat' dir='ltr'><strong>quid</strong></span> <span class='ocrx_word' id='word_1_50' title='bbox 1581 1212 1662 1270; x_wconf 93' lang='lat' dir='ltr'><strong>ib.</strong></span> 
     </span>
    </p>

    <p class='ocr_par' dir='ltr' id='par_1_6' title="bbox 556 1291 1659 1454">
     <span class='ocr_line' id='line_1_9' title="bbox 556 1291 1626 1372; baseline -0.001 -20"><span class='ocrx_word' id='word_1_51' title='bbox 556 1306 742 1353; x_wconf 88' lang='lat' dir='ltr'><strong>totum</strong></span> <span class='ocrx_word' id='word_1_52' title='bbox 781 1292 1072 1353; x_wconf 85' lang='lat' dir='ltr'><strong>materiale</strong></span> <span class='ocrx_word' id='word_1_53' title='bbox 1112 1305 1173 1353; x_wconf 88' lang='lat' dir='ltr'><strong>et</strong></span> <span class='ocrx_word' id='word_1_54' title='bbox 1210 1294 1449 1353; x_wconf 83' lang='lat' dir='ltr'><strong>formale</strong></span> <span class='ocrx_word' id='word_1_55' title='bbox 1489 1291 1626 1372; x_wconf 91' lang='lat' dir='ltr'><strong>quid</strong></span> 
     </span>
     <span class='ocr_line' id='line_1_10' title="bbox 1305 1375 1659 1454; baseline 0 -21"><span class='ocrx_word' id='word_1_56' title='bbox 1305 1375 1430 1434; x_wconf 87' lang='lat' dir='ltr'><strong>Fic.</strong></span> <span class='ocrx_word' id='word_1_57' title='bbox 1460 1395 1519 1454; x_wconf 91' lang='lat' dir='ltr'><strong>p.</strong></span> <span class='ocrx_word' id='word_1_58' title='bbox 1541 1375 1659 1452; x_wconf 90' lang='lat'><strong>677</strong></span> 
     </span>
    </p>

    <p class='ocr_par' dir='ltr' id='par_1_7' title="bbox 556 1453 1665 1535">
     <span class='ocr_line' id='line_1_11' title="bbox 556 1453 1665 1535; baseline 0.001 -22"><span class='ocrx_word' id='word_1_59' title='bbox 556 1453 1108 1535; x_wconf 70' lang='lat' dir='ltr'><strong>transmigrationem</strong></span> <span class='ocrx_word' id='word_1_60' title='bbox 1136 1454 1451 1516; x_wconf 86' lang='lat' dir='ltr'><strong>animarum</strong></span> <span class='ocrx_word' id='word_1_61' title='bbox 1472 1456 1665 1517; x_wconf 84' lang='lat' dir='ltr'><strong>Plato-</strong></span> 
     </span>
    </p>
   </div>
   <div class='ocr_carea' id='block_1_6' title="bbox 554 1535 1663 1940">
    <p class='ocr_par' dir='ltr' id='par_1_8' title="bbox 554 1535 1663 1940">
     <span class='ocr_line' id='line_1_12' title="bbox 636 1535 1660 1615; baseline 0 -21"><span class='ocrx_word' id='word_1_62' title='bbox 636 1535 750 1595; x_wconf 90' lang='lat' dir='ltr'><strong>nici</strong></span> <span class='ocrx_word' id='word_1_63' title='bbox 780 1556 898 1595; x_wconf 91' lang='lat' dir='ltr'><strong>non</strong></span> <span class='ocrx_word' id='word_1_64' title='bbox 925 1539 1171 1615; x_wconf 89' lang='lat' dir='ltr'><strong>probant</strong></span> <span class='ocrx_word' id='word_1_65' title='bbox 1541 1536 1660 1614; x_wconf 86' lang='lat'><strong>698</strong></span> 
     </span>
     <span class='ocr_line' id='line_1_13' title="bbox 554 1616 1659 1695; baseline 0.001 -20"><span class='ocrx_word' id='word_1_66' title='bbox 554 1616 1082 1695; x_wconf 73' lang='lat' dir='ltr'><strong>transmigrationes</strong></span> <span class='ocrx_word' id='word_1_67' title='bbox 1545 1636 1659 1694; x_wconf 82' lang='lat'><strong>203</strong></span> 
     </span>
     <span class='ocr_line' id='line_1_14' title="bbox 555 1698 1663 1778; baseline 0.002 -22"><span class='ocrx_word' id='word_1_68' title='bbox 555 1698 777 1757; x_wconf 72' lang='lat' dir='ltr'><strong>trinitas</strong></span> <span class='ocrx_word' id='word_1_69' title='bbox 803 1699 1144 1778; x_wconf 79' lang='lat' dir='ltr'><strong>perfectoria</strong></span> <span class='ocrx_word' id='word_1_70' title='bbox 1347 1699 1470 1760; x_wconf 88' lang='lat' dir='ltr'><strong>Fic.</strong></span> <span class='ocrx_word' id='word_1_71' title='bbox 1500 1719 1555 1778; x_wconf 91' lang='lat' dir='ltr'><strong>p.</strong></span> <span class='ocrx_word' id='word_1_72' title='bbox 1581 1717 1663 1775; x_wconf 84' lang='lat'><strong>34</strong></span> 
     </span>
     <span class='ocr_line' id='line_1_15' title="bbox 555 1778 1661 1840; baseline 0 -1"><span class='ocrx_word' id='word_1_73' title='bbox 555 1778 779 1839; x_wconf 76' lang='lat' dir='ltr'><strong>trinitas</strong></span> <span class='ocrx_word' id='word_1_74' title='bbox 805 1782 1160 1840; x_wconf 86' lang='lat' dir='ltr'><strong>conversoria</strong></span> <span class='ocrx_word' id='word_1_75' title='bbox 1579 1780 1661 1839; x_wconf 92' lang='lat' dir='ltr'><strong>ib.</strong></span> 
     </span>
     <span class='ocr_line' id='line_1_16' title="bbox 554 1861 1661 1940; baseline 0.002 -20"><span class='ocrx_word' id='word_1_76' title='bbox 554 1861 775 1920; x_wconf 83' lang='lat' dir='ltr'><strong>trinitas</strong></span> <span class='ocrx_word' id='word_1_77' title='bbox 801 1861 1111 1940; x_wconf 86' lang='lat' dir='ltr'><strong>quotuplex</strong></span> <span class='ocrx_word' id='word_1_78' title='bbox 1582 1861 1661 1924; x_wconf 89' lang='lat' dir='ltr'><strong>ib.</strong></span> 
     </span>
    </p>
   </div>
   <div class='ocr_carea' id='block_1_7' title="bbox 553 1942 1664 2510">
    <p class='ocr_par' dir='ltr' id='par_1_9' title="bbox 553 1942 1663 2185">
     <span class='ocr_line' id='line_1_17' title="bbox 555 1942 1661 2021; baseline 0 -19"><span class='ocrx_word' id='word_1_79' title='bbox 555 1942 776 2002; x_wconf 81' lang='lat' dir='ltr'><strong>trinitas</strong></span> <span class='ocrx_word' id='word_1_80' title='bbox 803 1942 1173 2021; x_wconf 86' lang='lat' dir='ltr'><strong>productoria</strong></span> <span class='ocrx_word' id='word_1_81' title='bbox 1580 1944 1661 2002; x_wconf 89' lang='lat' dir='ltr'><strong>ib.</strong></span> 
     </span>
     <span class='ocr_line' id='line_1_18' title="bbox 553 2023 1655 2102; baseline -0.001 -19"><span class='ocrx_word' id='word_1_82' title='bbox 553 2023 823 2083; x_wconf 72' lang='lat' dir='ltr'><strong>trinitatis</strong></span> <span class='ocrx_word' id='word_1_83' title='bbox 849 2024 1036 2083; x_wconf 88' lang='lat' dir='ltr'><strong>unitas</strong></span> <span class='ocrx_word' id='word_1_84' title='bbox 1064 2037 1125 2083; x_wconf 92' lang='lat' dir='ltr'><strong>et</strong></span> <span class='ocrx_word' id='word_1_85' title='bbox 1152 2023 1443 2084; x_wconf 90' lang='lat' dir='ltr'><strong>distinctio</strong></span> <span class='ocrx_word' id='word_1_86' title='bbox 1542 2040 1655 2102; x_wconf 83' lang='lat'><strong>535</strong></span> 
     </span>
     <span class='ocr_line' id='line_1_19' title="bbox 553 2104 1663 2185; baseline 0 -21"><span class='ocrx_word' id='word_1_87' title='bbox 553 2104 821 2164; x_wconf 78' lang='lat' dir='ltr'><strong>trinitatis</strong></span> <span class='ocrx_word' id='word_1_88' title='bbox 875 2118 1246 2166; x_wconf 69' lang='lat' dir='ltr'><strong>sacrosanctae</strong></span> <span class='ocrx_word' id='word_1_89' title='bbox 1293 2125 1663 2185; x_wconf 87' lang='lat' dir='ltr'><strong>personarum</strong></span> 
     </span>
    </p>

    <p class='ocr_par' dir='ltr' id='par_1_10' title="bbox 554 2186 1663 2348">
     <span class='ocr_line' id='line_1_20' title="bbox 639 2186 1663 2266; baseline 0.001 -21"><span class='ocrx_word' id='word_1_90' title='bbox 639 2186 931 2246; x_wconf 86' lang='lat' dir='ltr'><strong>distinctio</strong></span> <span class='ocrx_word' id='word_1_91' title='bbox 1355 2187 1474 2247; x_wconf 89' lang='lat' dir='ltr'><strong>Fic.</strong></span> <span class='ocrx_word' id='word_1_92' title='bbox 1503 2209 1560 2266; x_wconf 88' lang='lat' dir='ltr'><strong>p.</strong></span> <span class='ocrx_word' id='word_1_93' title='bbox 1592 2207 1663 2265; x_wconf 89' lang='lat'><strong>19</strong></span> 
     </span>
     <span class='ocr_line' id='line_1_21' title="bbox 554 2267 1661 2348; baseline 0.001 -21"><span class='ocrx_word' id='word_1_94' title='bbox 554 2268 819 2328; x_wconf 87' lang='lat' dir='ltr'><strong>trinitatis</strong></span> <span class='ocrx_word' id='word_1_95' title='bbox 847 2267 1179 2348; x_wconf 77' lang='lat' dir='ltr'><strong>mysterium</strong></span> <span class='ocrx_word' id='word_1_96' title='bbox 1210 2269 1499 2348; x_wconf 89' lang='lat' dir='ltr'><strong>quomodo</strong></span> <span class='ocrx_word' id='word_1_97' title='bbox 1525 2268 1661 2328; x_wconf 89' lang='lat' dir='ltr'><strong>Plo·</strong></span> 
     </span>
    </p>

    <p class='ocr_par' dir='ltr' id='par_1_11' title="bbox 553 2349 1664 2510">
     <span class='ocr_line' id='line_1_22' title="bbox 634 2349 1664 2430; baseline 0 -21"><span class='ocrx_word' id='word_1_98' title='bbox 634 2351 791 2409; x_wconf 87' lang='grc'>1111110</span> <span class='ocrx_word' id='word_1_99' title='bbox 817 2349 1168 2430; x_wconf 71' lang='lat' dir='ltr'><strong>investigarit</strong></span> <span class='ocrx_word' id='word_1_100' title='bbox 1545 2351 1664 2427; x_wconf 85' lang='lat'><strong>556</strong></span> 
     </span>
     <span class='ocr_line' id='line_1_23' title="bbox 553 2429 1661 2510; baseline 0 -21"><span class='ocrx_word' id='word_1_101' title='bbox 553 2429 766 2489; x_wconf 90' lang='lat' dir='ltr'><strong>trinum</strong></span> <span class='ocrx_word' id='word_1_102' title='bbox 805 2429 864 2489; x_wconf 89' lang='lat' dir='ltr'><strong>in</strong></span> <span class='ocrx_word' id='word_1_103' title='bbox 894 2432 1025 2491; x_wconf 88' lang='lat' dir='ltr'><strong>Deo</strong></span> <span class='ocrx_word' id='word_1_104' title='bbox 1061 2431 1353 2510; x_wconf 86' lang='lat' dir='ltr'><strong>quomodo</strong></span> <span class='ocrx_word' id='word_1_105' title='bbox 1390 2430 1661 2508; x_wconf 85' lang='lat' dir='ltr'><strong>consequi</strong></span> 
     </span>
    </p>
   </div>
   <div class='ocr_carea' id='block_1_8' title="bbox 552 2511 1661 3222">
    <p class='ocr_par' dir='ltr' id='par_1_12' title="bbox 554 2511 1661 2997">
     <span class='ocr_line' id='line_1_24' title="bbox 633 2511 1654 2591; baseline -0.001 -20"><span class='ocrx_word' id='word_1_106' title='bbox 633 2511 914 2591; x_wconf 87' lang='lat' dir='ltr'><strong>possimus</strong></span> <span class='ocrx_word' id='word_1_107' title='bbox 1545 2515 1654 2588; x_wconf 91' lang='lat'><strong>761</strong></span> 
     </span>
     <span class='ocr_line' id='line_1_25' title="bbox 554 2592 1654 2673; baseline 0.001 -22"><span class='ocrx_word' id='word_1_108' title='bbox 554 2592 867 2673; x_wconf 88' lang='lat' dir='ltr'><strong>triangulus</strong></span> <span class='ocrx_word' id='word_1_109' title='bbox 898 2613 1013 2652; x_wconf 93' lang='lat' dir='ltr'><strong>non</strong></span> <span class='ocrx_word' id='word_1_110' title='bbox 1043 2604 1132 2653; x_wconf 87' lang='lat' dir='ltr'><strong>est</strong></span> <span class='ocrx_word' id='word_1_111' title='bbox 1157 2593 1323 2672; x_wconf 89' lang='lat' dir='ltr'><strong>quale</strong></span> <span class='ocrx_word' id='word_1_112' title='bbox 1551 2595 1654 2653; x_wconf 83' lang='lat'><strong>181</strong></span> 
     </span>
     <span class='ocr_line' id='line_1_26' title="bbox 555 2676 1659 2754; baseline 0.001 -22"><span class='ocrx_word' id='word_1_113' title='bbox 555 2687 718 2754; x_wconf 88' lang='lat' dir='ltr'><strong>turpe</strong></span> <span class='ocrx_word' id='word_1_114' title='bbox 742 2676 879 2753; x_wconf 89' lang='lat' dir='ltr'><strong>quid</strong></span> <span class='ocrx_word' id='word_1_115' title='bbox 1582 2694 1659 2752; x_wconf 89' lang='grc'><strong>52</strong></span> 
     </span>
     <span class='ocr_line' id='line_1_27' title="bbox 554 2755 1657 2835; baseline 0.002 -22"><span class='ocrx_word' id='word_1_116' title='bbox 554 2755 848 2835; x_wconf 88' lang='lat' dir='ltr'><strong>turpitudo</strong></span> <span class='ocrx_word' id='word_1_117' title='bbox 1583 2773 1657 2833; x_wconf 84' lang='lat'><strong>55</strong></span> 
     </span>
     <span class='ocr_line' id='line_1_28' title="bbox 554 2835 1656 2917; baseline 0.002 -22"><span class='ocrx_word' id='word_1_118' title='bbox 554 2838 848 2916; x_wconf 86' lang='lat' dir='ltr'><strong>turpitudo</strong></span> <span class='ocrx_word' id='word_1_119' title='bbox 877 2835 1014 2916; x_wconf 86' lang='lat' dir='ltr'><strong>quid</strong></span> <span class='ocrx_word' id='word_1_120' title='bbox 1349 2838 1470 2897; x_wconf 89' lang='lat' dir='ltr'><strong>Fic.</strong></span> <span class='ocrx_word' id='word_1_121' title='bbox 1498 2857 1555 2917; x_wconf 89' lang='lat' dir='ltr'><strong>p.</strong></span> <span class='ocrx_word' id='word_1_122' title='bbox 1579 2856 1656 2915; x_wconf 85' lang='lat'><strong>93</strong></span> 
     </span>
     <span class='ocr_line' id='line_1_29' title="bbox 554 2919 1661 2997; baseline 0 -20"><span class='ocrx_word' id='word_1_123' title='bbox 554 2930 746 2997; x_wconf 72' lang='lat' dir='ltr'><strong>turpes</strong></span> <span class='ocrx_word' id='word_1_124' title='bbox 774 2938 913 2977; x_wconf 89' lang='lat' dir='ltr'><strong>num</strong></span> <span class='ocrx_word' id='word_1_125' title='bbox 942 2920 1177 2980; x_wconf 85' lang='lat' dir='ltr'><strong>formosi</strong></span> <span class='ocrx_word' id='word_1_126' title='bbox 1546 2919 1661 2978; x_wconf 83' lang='lat'><strong>216</strong></span> 
     </span>
    </p>

    <p class='ocr_par' dir='ltr' id='par_1_13' title="bbox 552 3082 1512 3222">
     <span class='ocr_line' id='line_1_30' title="bbox 1059 3082 1134 3140; baseline 0.013 -1"><span class='ocrx_word' id='word_1_127' title='bbox 1059 3082 1134 3140; x_wconf 86' lang='lat' dir='ltr'><strong>V.</strong></span> 
     </span>
     <span class='ocr_line' id='line_1_31' title="bbox 552 3159 1512 3222; baseline 0.001 -3"><span class='ocrx_word' id='word_1_128' title='bbox 552 3162 812 3221; x_wconf 85' lang='lat' dir='ltr'><strong>Vacuum</strong></span> <span class='ocrx_word' id='word_1_129' title='bbox 855 3173 1057 3221; x_wconf 89' lang='lat' dir='ltr'><strong>natura</strong></span> <span class='ocrx_word' id='word_1_130' title='bbox 1097 3182 1213 3221; x_wconf 90' lang='lat' dir='ltr'><strong>non</strong></span> <span class='ocrx_word' id='word_1_131' title='bbox 1256 3159 1512 3222; x_wconf 86' lang='lat' dir='ltr'><strong>admittit</strong></span> 
     </span>
    </p>
   </div>
   <div class='ocr_carea' id='block_1_9' title="bbox 551 3243 1661 3974">
    <p class='ocr_par' dir='ltr' id='par_1_14' title="bbox 1310 3243 1657 3323">
     <span class='ocr_line' id='line_1_32' title="bbox 1310 3243 1657 3323; baseline 0 -21"><span class='ocrx_word' id='word_1_132' title='bbox 1310 3243 1428 3302; x_wconf 89' lang='lat' dir='ltr'><strong>Fic.</strong></span> <span class='ocrx_word' id='word_1_133' title='bbox 1459 3265 1515 3323; x_wconf 91' lang='lat' dir='ltr'><strong>p.</strong></span> <span class='ocrx_word' id='word_1_134' title='bbox 1536 3244 1657 3319; x_wconf 83' lang='lat'><strong>428</strong></span> 
     </span>
    </p>

    <p class='ocr_par' dir='ltr' id='par_1_15' title="bbox 551 3325 1661 3974">
     <span class='ocr_line' id='line_1_33' title="bbox 551 3325 1656 3402; baseline 0.001 -19"><span class='ocrx_word' id='word_1_135' title='bbox 551 3325 733 3384; x_wconf 88' lang='lat' dir='ltr'><strong>valete</strong></span> <span class='ocrx_word' id='word_1_136' title='bbox 749 3345 874 3385; x_wconf 87' lang='lat' dir='ltr'><strong>vos:</strong></span> <span class='ocrx_word' id='word_1_137' title='bbox 901 3325 992 3385; x_wconf 84' lang='lat' dir='ltr'><strong>cui</strong></span> <span class='ocrx_word' id='word_1_138' title='bbox 1012 3325 1205 3386; x_wconf 88' lang='lat' dir='ltr'><strong>animo</strong></span> <span class='ocrx_word' id='word_1_139' title='bbox 1223 3325 1524 3385; x_wconf 87' lang='lat' dir='ltr'><strong>conveniat</strong></span> <span class='ocrx_word' id='word_1_140' title='bbox 1541 3327 1656 3402; x_wconf 90' lang='grc'><strong>465</strong></span> 
     </span>
     <span class='ocr_line' id='line_1_34' title="bbox 553 3406 1661 3485; baseline 0.001 -20"><span class='ocrx_word' id='word_1_141' title='bbox 553 3406 790 3465; x_wconf 86' lang='lat' dir='ltr'><strong>varietas</strong></span> <span class='ocrx_word' id='word_1_142' title='bbox 815 3407 1065 3467; x_wconf 83' lang='lat' dir='ltr'><strong>formalis</strong></span> <span class='ocrx_word' id='word_1_143' title='bbox 1100 3420 1159 3466; x_wconf 89' lang='lat' dir='ltr'><strong>et</strong></span> <span class='ocrx_word' id='word_1_144' title='bbox 1186 3406 1446 3466; x_wconf 87' lang='lat' dir='ltr'><strong>ordinata</strong></span> <span class='ocrx_word' id='word_1_145' title='bbox 1479 3426 1661 3485; x_wconf 91' lang='lat' dir='ltr'><strong>neque</strong></span> 
     </span>
     <span class='ocr_line' id='line_1_35' title="bbox 634 3487 1660 3567; baseline -0.001 -19"><span class='ocrx_word' id='word_1_146' title='bbox 634 3507 769 3548; x_wconf 83' lang='lat' dir='ltr'><strong>casu</strong></span> <span class='ocrx_word' id='word_1_147' title='bbox 796 3487 1018 3559; x_wconf 88' lang='lat' dir='ltr'><strong>accidit,</strong></span> <span class='ocrx_word' id='word_1_148' title='bbox 1042 3507 1229 3567; x_wconf 88' lang='lat' dir='ltr'><strong>neque</strong></span> <span class='ocrx_word' id='word_1_149' title='bbox 1253 3508 1289 3547; x_wconf 89' lang='lat' dir='ltr'><strong>a</strong></span> <span class='ocrx_word' id='word_1_150' title='bbox 1317 3489 1551 3548; x_wconf 90' lang='lat' dir='ltr'><strong>materia</strong></span> <span class='ocrx_word' id='word_1_151' title='bbox 1577 3500 1660 3547; x_wconf 91' lang='grc'><strong>10-</strong></span> 
     </span>
     <span class='ocr_line' id='line_1_36' title="bbox 633 3569 1656 3650; baseline -0.001 -22"><span class='ocrx_word' id='word_1_152' title='bbox 633 3569 889 3641; x_wconf 86' lang='lat' dir='ltr'><strong>nebrosa,</strong></span> <span class='ocrx_word' id='word_1_153' title='bbox 919 3570 1016 3629; x_wconf 86' lang='lat' dir='ltr'><strong>sed</strong></span> <span class='ocrx_word' id='word_1_154' title='bbox 1044 3570 1258 3650; x_wconf 88' lang='lat' dir='ltr'><strong>pendet</strong></span> <span class='ocrx_word' id='word_1_155' title='bbox 1283 3570 1355 3629; x_wconf 93' lang='lat' dir='ltr'><strong>ab</strong></span> <span class='ocrx_word' id='word_1_156' title='bbox 1382 3590 1500 3628; x_wconf 90' lang='lat' dir='ltr'><strong>uno</strong></span> <span class='ocrx_word' id='word_1_157' title='bbox 1544 3587 1656 3645; x_wconf 90' lang='lat'><strong>707</strong></span> 
     </span>
     <span class='ocr_line' id='line_1_37' title="bbox 554 3650 1661 3730; baseline 0.001 -22"><span class='ocrx_word' id='word_1_158' title='bbox 554 3650 789 3710; x_wconf 87' lang='lat' dir='ltr'><strong>varietas</strong></span> <span class='ocrx_word' id='word_1_159' title='bbox 830 3670 1016 3711; x_wconf 87' lang='lat' dir='ltr'><strong>rerum</strong></span> <span class='ocrx_word' id='word_1_160' title='bbox 1061 3651 1136 3710; x_wconf 91' lang='lat' dir='ltr'><strong>ad</strong></span> <span class='ocrx_word' id='word_1_161' title='bbox 1173 3650 1490 3730; x_wconf 83' lang='lat' dir='ltr'><strong>simplicem</strong></span> <span class='ocrx_word' id='word_1_162' title='bbox 1529 3652 1661 3710; x_wconf 90' lang='lat' dir='ltr'><strong>uni-</strong></span> 
     </span>
     <span class='ocr_line' id='line_1_38' title="bbox 635 3744 1652 3807; baseline -0.001 -16"><span class='ocrx_word' id='word_1_163' title='bbox 635 3744 811 3791; x_wconf 88' lang='lat' dir='ltr'><strong>tatem</strong></span> <span class='ocrx_word' id='word_1_164' title='bbox 840 3745 1138 3793; x_wconf 86' lang='lat' dir='ltr'><strong>revocatur</strong></span> <span class='ocrx_word' id='word_1_165' title='bbox 1544 3749 1614 3807; x_wconf 86' lang='lat'>27</span> <span class='ocrx_word' id='word_1_166' title='bbox 1629 3751 1652 3790; x_wconf 97' lang='lat'>1</span> 
     </span>
     <span class='ocr_line' id='line_1_39' title="bbox 553 3812 1661 3889; baseline 0.001 -18"><span class='ocrx_word' id='word_1_167' title='bbox 553 3812 697 3872; x_wconf 84' lang='lat' dir='ltr'><strong>vatis</strong></span> <span class='ocrx_word' id='word_1_168' title='bbox 722 3812 970 3873; x_wconf 86' lang='lat' dir='ltr'><strong>officium</strong></span> <span class='ocrx_word' id='word_1_169' title='bbox 1545 3815 1661 3889; x_wconf 85' lang='lat'>276</span> 
     </span>
     <span class='ocr_line' id='line_1_40' title="bbox 552 3893 1657 3974; baseline -0.001 -21"><span class='ocrx_word' id='word_1_170' title='bbox 552 3894 816 3954; x_wconf 87' lang='lat' dir='ltr'><strong>vaticinia</strong></span> <span class='ocrx_word' id='word_1_171' title='bbox 840 3896 1081 3974; x_wconf 89' lang='lat' dir='ltr'><strong>quadam</strong></span> <span class='ocrx_word' id='word_1_172' title='bbox 1111 3893 1429 3953; x_wconf 86' lang='lat' dir='ltr'><strong>efficiuntur</strong></span> <span class='ocrx_word' id='word_1_173' title='bbox 1461 3894 1657 3953; x_wconf 88' lang='lat' dir='ltr'><strong>analo-</strong></span> 
     </span>
    </p>
   </div>
   <div class='ocr_carea' id='block_1_10' title="bbox 533 3974 1660 4215">
    <p class='ocr_par' dir='ltr' id='par_1_16' title="bbox 533 3974 1660 4215">
     <span class='ocr_line' id='line_1_41' title="bbox 533 3974 1660 4070; baseline 0.002 -37"><span class='ocrx_word' id='word_1_174' title='bbox 533 3998 538 4003; x_wconf 88' lang='grc'><em>·</em></span> <span class='ocrx_word' id='word_1_175' title='bbox 630 3974 724 4069; x_wconf 78' lang='lat' dir='ltr'><strong>gia</strong></span> <span class='ocrx_word' id='word_1_176' title='bbox 849 4055 862 4070; x_wconf 36' lang='grc' dir='ltr'>ι</span> <span class='ocrx_word' id='word_1_177' title='bbox 1545 3976 1660 4049; x_wconf 87' lang='grc'><strong>276</strong></span> 
     </span>
     <span class='ocr_line' id='line_1_42' title="bbox 552 4056 1659 4151; baseline 0 -36"><span class='ocrx_word' id='word_1_178' title='bbox 552 4057 648 4115; x_wconf 76' lang='lat' dir='ltr'><strong>ubi</strong></span> <span class='ocrx_word' id='word_1_179' title='bbox 676 4077 903 4151; x_wconf 73' lang='lat' dir='ltr'><strong>proprie</strong></span> <span class='ocrx_word' id='word_1_180' title='bbox 928 4056 1086 4117; x_wconf 88' lang='lat' dir='ltr'><strong>locus</strong></span> <span class='ocrx_word' id='word_1_181' title='bbox 1112 4066 1200 4116; x_wconf 91' lang='lat' dir='ltr'><strong>est</strong></span> <span class='ocrx_word' id='word_1_182' title='bbox 1539 4058 1659 4132; x_wconf 88' lang='grc'><strong>576</strong></span> 
     </span>
     <span class='ocr_line' id='line_1_43' title="bbox 555 4137 1659 4215; baseline 0.002 -22"><span class='ocrx_word' id='word_1_183' title='bbox 555 4138 827 4215; x_wconf 82' lang='lat' dir='ltr'><strong>vegetahs</strong></span> <span class='ocrx_word' id='word_1_184' title='bbox 854 4158 936 4197; x_wconf 88' lang='grc'><strong>110</strong></span> <span class='ocrx_word' id='word_1_185' title='bbox 1538 4137 1659 4214; x_wconf 91' lang='grc'>389</span> 
     </span>
    </p>
   </div>
   <div class='ocr_carea' id='block_1_11' title="bbox 549 4216 1662 5760">
    <p class='ocr_par' dir='ltr' id='par_1_17' title="bbox 549 4216 1662 5760">
     <span class='ocr_line' id='line_1_44' title="bbox 549 4216 1657 4300; baseline -0.001 -23"><span class='ocrx_word' id='word_1_186' title='bbox 549 4219 818 4300; x_wconf 65' lang='lat' dir='ltr'><strong>vegetalis</strong></span> <span class='ocrx_word' id='word_1_187' title='bbox 839 4221 1042 4278; x_wconf 79' lang='lat' dir='ltr'><strong>animae</strong></span> <span class='ocrx_word' id='word_1_188' title='bbox 1065 4238 1194 4298; x_wconf 86' lang='lat' dir='ltr'><strong>pars</strong></span> <span class='ocrx_word' id='word_1_189' title='bbox 1215 4216 1507 4276; x_wconf 84' lang='lat' dir='ltr'><strong>materiam</strong></span> <span class='ocrx_word' id='word_1_190' title='bbox 1529 4237 1657 4276; x_wconf 83' lang='lat' dir='ltr'><strong>orn-</strong></span> 
     </span>
     <span class='ocr_line' id='line_1_45' title="bbox 635 4301 1658 4380; baseline 0 -21"><span class='ocrx_word' id='word_1_191' title='bbox 635 4301 772 4359; x_wconf 90' lang='lat' dir='ltr'><strong>nino</strong></span> <span class='ocrx_word' id='word_1_192' title='bbox 800 4319 1066 4380; x_wconf 89' lang='lat' dir='ltr'><strong>superare</strong></span> <span class='ocrx_word' id='word_1_193' title='bbox 1093 4320 1207 4359; x_wconf 89' lang='lat' dir='ltr'><strong>non</strong></span> <span class='ocrx_word' id='word_1_194' title='bbox 1239 4310 1430 4377; x_wconf 89' lang='lat' dir='ltr'><strong>potest</strong></span> <span class='ocrx_word' id='word_1_195' title='bbox 1538 4301 1658 4375; x_wconf 85' lang='lat'><strong>564</strong></span> 
     </span>
     <span class='ocr_line' id='line_1_46' title="bbox 553 4380 1658 4460; baseline -0.002 -20"><span class='ocrx_word' id='word_1_196' title='bbox 553 4382 909 4442; x_wconf 79' lang='lat' dir='ltr'><strong>vehementia</strong></span> <span class='ocrx_word' id='word_1_197' title='bbox 935 4395 1152 4442; x_wconf 81' lang='lat' dir='ltr'><strong>naturae</strong></span> <span class='ocrx_word' id='word_1_198' title='bbox 1179 4380 1314 4460; x_wconf 88' lang='lat' dir='ltr'><strong>quid</strong></span> <span class='ocrx_word' id='word_1_199' title='bbox 1547 4400 1658 4456; x_wconf 91' lang='lat'><strong>109</strong></span> 
     </span>
     <span class='ocr_line' id='line_1_47' title="bbox 552 4462 1658 4544; baseline 0 -23"><span class='ocrx_word' id='word_1_200' title='bbox 552 4464 753 4522; x_wconf 86' lang='lat' dir='ltr'><strong>Venus</strong></span> <span class='ocrx_word' id='word_1_201' title='bbox 780 4464 986 4544; x_wconf 79' lang='lat' dir='ltr'><strong>duplex</strong></span> <span class='ocrx_word' id='word_1_202' title='bbox 1373 4479 1509 4539; x_wconf 83' lang='lat'><strong>293.</strong></span> <span class='ocrx_word' id='word_1_203' title='bbox 1541 4462 1658 4537; x_wconf 90' lang='lat'><strong>768</strong></span> 
     </span>
     <span class='ocr_line' id='line_1_48' title="bbox 553 4541 1659 4622; baseline 0.001 -20"><span class='ocrx_word' id='word_1_204' title='bbox 553 4545 751 4604; x_wconf 86' lang='lat' dir='ltr'><strong>Venus</strong></span> <span class='ocrx_word' id='word_1_205' title='bbox 774 4544 1066 4605; x_wconf 89' lang='lat' dir='ltr'><strong>Mercurio</strong></span> <span class='ocrx_word' id='word_1_206' title='bbox 1094 4542 1275 4602; x_wconf 85' lang='lat' dir='ltr'><strong>mixta</strong></span> <span class='ocrx_word' id='word_1_207' title='bbox 1310 4541 1430 4601; x_wconf 89' lang='lat' dir='ltr'><strong>Fic.</strong></span> <span class='ocrx_word' id='word_1_208' title='bbox 1459 4564 1516 4622; x_wconf 92' lang='lat' dir='ltr'><strong>p.</strong></span> <span class='ocrx_word' id='word_1_209' title='bbox 1543 4546 1659 4603; x_wconf 91' lang='grc'><strong>206</strong></span> 
     </span>
     <span class='ocr_line' id='line_1_49' title="bbox 554 4625 1649 4705; baseline -0.001 -22"><span class='ocrx_word' id='word_1_210' title='bbox 554 4626 749 4685; x_wconf 89' lang='lat' dir='ltr'><strong>Venus</strong></span> <span class='ocrx_word' id='word_1_211' title='bbox 775 4645 1025 4685; x_wconf 88' lang='lat' dir='ltr'><strong>amorem</strong></span> <span class='ocrx_word' id='word_1_212' title='bbox 1056 4636 1314 4705; x_wconf 86' lang='lat' dir='ltr'><strong>procreat</strong></span> <span class='ocrx_word' id='word_1_213' title='bbox 1361 4625 1428 4682; x_wconf 90' lang='lat' dir='ltr'><strong>F.</strong></span> <span class='ocrx_word' id='word_1_214' title='bbox 1458 4646 1516 4703; x_wconf 95' lang='lat' dir='ltr'><strong>p.</strong></span> <span class='ocrx_word' id='word_1_215' title='bbox 1543 4644 1649 4701; x_wconf 88' lang='lat'><strong>231</strong></span> 
     </span>
     <span class='ocr_line' id='line_1_50' title="bbox 553 4709 1657 4782; baseline 0.002 -19"><span class='ocrx_word' id='word_1_216' title='bbox 553 4709 829 4767; x_wconf 81' lang='lat' dir='ltr'><strong>Venereae</strong></span> <span class='ocrx_word' id='word_1_217' title='bbox 855 4727 943 4766; x_wconf 88' lang='lat' dir='ltr'><strong>res</strong></span> <span class='ocrx_word' id='word_1_218' title='bbox 1587 4726 1657 4782; x_wconf 86' lang='lat'><strong>14</strong></span> 
     </span>
     <span class='ocr_line' id='line_1_51' title="bbox 552 4787 1662 4864; baseline 0.002 -19"><span class='ocrx_word' id='word_1_219' title='bbox 552 4789 795 4847; x_wconf 84' lang='lat' dir='ltr'><strong>Veneris</strong></span> <span class='ocrx_word' id='word_1_220' title='bbox 836 4787 1062 4856; x_wconf 88' lang='lat' dir='ltr'><strong>natalia,</strong></span> <span class='ocrx_word' id='word_1_221' title='bbox 1105 4805 1377 4864; x_wconf 89' lang='lat' dir='ltr'><strong>amorque</strong></span> <span class='ocrx_word' id='word_1_222' title='bbox 1418 4806 1551 4846; x_wconf 86' lang='lat' dir='ltr'><strong>cum</strong></span> <span class='ocrx_word' id='word_1_223' title='bbox 1593 4808 1662 4847; x_wconf 89' lang='lat' dir='ltr'><strong>ea</strong></span> 
     </span>
     <span class='ocr_line' id='line_1_52' title="bbox 634 4865 1660 4948; baseline 0 -22"><span class='ocrx_word' id='word_1_224' title='bbox 634 4867 860 4948; x_wconf 86' lang='lat' dir='ltr'><strong>genitus</strong></span> <span class='ocrx_word' id='word_1_225' title='bbox 887 4866 1022 4946; x_wconf 91' lang='lat' dir='ltr'><strong>quid</strong></span> <span class='ocrx_word' id='word_1_226' title='bbox 1051 4865 1304 4946; x_wconf 81' lang='lat' dir='ltr'><strong>mysterii</strong></span> <span class='ocrx_word' id='word_1_227' title='bbox 1340 4867 1660 4947; x_wconf 85' lang='lat' dir='ltr'><strong>significent</strong></span> 
     </span>
     <span class='ocr_line' id='line_1_53' title="bbox 551 5026 1653 5108; baseline -0.001 -19"><span class='ocrx_word' id='word_1_228' title='bbox 551 5031 795 5092; x_wconf 86' lang='lat' dir='ltr'><strong>Veneris</strong></span> <span class='ocrx_word' id='word_1_229' title='bbox 823 5026 1068 5087; x_wconf 89' lang='lat' dir='ltr'><strong>ambitus</strong></span> <span class='ocrx_word' id='word_1_230' title='bbox 1307 5028 1431 5090; x_wconf 89' lang='lat' dir='ltr'><strong>Fic.</strong></span> <span class='ocrx_word' id='word_1_231' title='bbox 1458 5050 1513 5108; x_wconf 93' lang='lat' dir='ltr'><strong>p.</strong></span> <span class='ocrx_word' id='word_1_232' title='bbox 1546 5046 1653 5107; x_wconf 83' lang='lat'>175</span> 
     </span>
     <span class='ocr_line' id='line_1_54' title="bbox 551 5107 1588 5174; baseline -0.003 -2"><span class='ocrx_word' id='word_1_233' title='bbox 551 5114 791 5174; x_wconf 87' lang='lat' dir='ltr'><strong>Veneris</strong></span> <span class='ocrx_word' id='word_1_234' title='bbox 833 5110 893 5169; x_wconf 89' lang='lat' dir='ltr'><strong>in</strong></span> <span class='ocrx_word' id='word_1_235' title='bbox 936 5107 1300 5167; x_wconf 86' lang='lat' dir='ltr'><strong>conversione</strong></span> <span class='ocrx_word' id='word_1_236' title='bbox 1340 5110 1588 5170; x_wconf 86' lang='lat' dir='ltr'><strong>officium</strong></span> 
     </span>
     <span class='ocr_line' id='line_1_55' title="bbox 1354 5190 1657 5269; baseline 0.01 -21"><span class='ocrx_word' id='word_1_237' title='bbox 1354 5190 1470 5250; x_wconf 85' lang='lat' dir='ltr'><strong>Fic.</strong></span> <span class='ocrx_word' id='word_1_238' title='bbox 1497 5212 1555 5269; x_wconf 89' lang='lat' dir='ltr'><strong>p.</strong></span> <span class='ocrx_word' id='word_1_239' title='bbox 1577 5211 1657 5267; x_wconf 85' lang='lat'><strong>34</strong></span> 
     </span>
     <span class='ocr_line' id='line_1_56' title="bbox 553 5271 1654 5349; baseline -0.002 -16"><span class='ocrx_word' id='word_1_240' title='bbox 553 5277 802 5336; x_wconf 57' lang='lat' dir='ltr'><strong>Veneres</strong></span> <span class='ocrx_word' id='word_1_241' title='bbox 830 5272 887 5331; x_wconf 91' lang='lat' dir='ltr'><strong>in</strong></span> <span class='ocrx_word' id='word_1_242' title='bbox 917 5271 1134 5331; x_wconf 92' lang='lat' dir='ltr'><strong>mundo</strong></span> <span class='ocrx_word' id='word_1_243' title='bbox 1159 5271 1456 5349; x_wconf 84' lang='lat' dir='ltr'><strong>permultae</strong></span> <span class='ocrx_word' id='word_1_244' title='bbox 1541 5289 1654 5349; x_wconf 83' lang='lat'><strong>295</strong></span> 
     </span>
     <span class='ocr_line' id='line_1_57' title="bbox 551 5351 1654 5417; baseline -0.002 -3"><span class='ocrx_word' id='word_1_245' title='bbox 551 5356 736 5417; x_wconf 85' lang='lat' dir='ltr'><strong>ventri</strong></span> <span class='ocrx_word' id='word_1_246' title='bbox 756 5353 932 5414; x_wconf 88' lang='lat' dir='ltr'><strong>dediti</strong></span> <span class='ocrx_word' id='word_1_247' title='bbox 954 5373 1055 5413; x_wconf 90' lang='lat' dir='ltr'><strong>cur</strong></span> <span class='ocrx_word' id='word_1_248' title='bbox 1073 5372 1203 5412; x_wconf 87' lang='lat' dir='ltr'><strong>vasa</strong></span> <span class='ocrx_word' id='word_1_249' title='bbox 1230 5351 1654 5412; x_wconf 88' lang='lat' dir='ltr'><strong>immundorum</strong></span> 
     </span>
     <span class='ocr_line' id='line_1_58' title="bbox 632 5435 1657 5513; baseline -0.006 -16"><span class='ocrx_word' id='word_1_250' title='bbox 632 5438 954 5497; x_wconf 77' lang='lat' dir='ltr'><strong>doemonum</strong></span> <span class='ocrx_word' id='word_1_251' title='bbox 1305 5435 1425 5493; x_wconf 90' lang='lat' dir='ltr'><strong>Fic.</strong></span> <span class='ocrx_word' id='word_1_252' title='bbox 1454 5455 1511 5513; x_wconf 95' lang='lat' dir='ltr'><strong>p.</strong></span> <span class='ocrx_word' id='word_1_253' title='bbox 1537 5450 1657 5511; x_wconf 83' lang='lat'><strong>524</strong></span> 
     </span>
     <span class='ocr_line' id='line_1_59' title="bbox 553 5516 1656 5598; baseline -0.003 -21"><span class='ocrx_word' id='word_1_254' title='bbox 553 5520 779 5580; x_wconf 89' lang='lat' dir='ltr'><strong>verbum</strong></span> <span class='ocrx_word' id='word_1_255' title='bbox 809 5518 1011 5598; x_wconf 81' lang='lat' dir='ltr'><strong>triplex</strong></span> <span class='ocrx_word' id='word_1_256' title='bbox 1352 5516 1470 5575; x_wconf 85' lang='lat' dir='ltr'><strong>Fic.</strong></span> <span class='ocrx_word' id='word_1_257' title='bbox 1502 5537 1557 5593; x_wconf 91' lang='lat' dir='ltr'><strong>p.</strong></span> <span class='ocrx_word' id='word_1_258' title='bbox 1583 5535 1656 5594; x_wconf 92' lang='lat'><strong>19</strong></span> 
     </span>
     <span class='ocr_line' id='line_1_60' title="bbox 553 5596 1497 5679; baseline -0.004 -20"><span class='ocrx_word' id='word_1_259' title='bbox 553 5601 720 5660; x_wconf 84' lang='lat' dir='ltr'><strong>verba</strong></span> <span class='ocrx_word' id='word_1_260' title='bbox 756 5599 960 5661; x_wconf 74' lang='lat' dir='ltr'><strong>Timaei</strong></span> <span class='ocrx_word' id='word_1_261' title='bbox 1001 5598 1107 5659; x_wconf 88' lang='lat' dir='ltr'><strong>tria</strong></span> <span class='ocrx_word' id='word_1_262' title='bbox 1144 5596 1497 5679; x_wconf 76' lang='lat' dir='ltr'><strong>explicantur</strong></span> 
     </span>
     <span class='ocr_line' id='line_1_61' title="bbox 1301 5678 1651 5760; baseline -0.003 -21"><span class='ocrx_word' id='word_1_263' title='bbox 1301 5678 1419 5740; x_wconf 87' lang='lat' dir='ltr'><strong>Fic.</strong></span> <span class='ocrx_word' id='word_1_264' title='bbox 1449 5701 1508 5760; x_wconf 90' lang='lat' dir='ltr'><strong>p.</strong></span> <span class='ocrx_word' id='word_1_265' title='bbox 1533 5698 1567 5756; x_wconf 97' lang='grc'>3</span> <span class='ocrx_word' id='word_1_266' title='bbox 1578 5697 1651 5757; x_wconf 90' lang='grc'><strong>52</strong></span> 
     </span>
    </p>
   </div>
   <div class='ocr_carea' id='block_1_12' title="bbox 1742 806 2856 2023">
    <p class='ocr_par' dir='ltr' id='par_1_18' title="bbox 1742 806 2854 1209">
     <span class='ocr_line' id='line_1_62' title="bbox 1826 806 2849 879; baseline -0.003 2"><span class='ocrx_word' id='word_1_267' title='bbox 1826 806 2005 865; x_wconf 66' lang='lat' dir='ltr'><strong>beant</strong></span> <span class='ocrx_word' id='word_1_268' title='bbox 2729 818 2849 879; x_wconf 86' lang='lat'><strong>437</strong></span> 
     </span>
     <span class='ocr_line' id='line_1_63' title="bbox 1745 883 2854 965; baseline 0 -22"><span class='ocrx_word' id='word_1_269' title='bbox 1745 884 2082 946; x_wconf 83' lang='lat' dir='ltr'><strong>verecundia</strong></span> <span class='ocrx_word' id='word_1_270' title='bbox 2108 884 2169 944; x_wconf 90' lang='lat' dir='ltr'><strong>in</strong></span> <span class='ocrx_word' id='word_1_271' title='bbox 2197 905 2311 965; x_wconf 93' lang='lat' dir='ltr'><strong>quo</strong></span> <span class='ocrx_word' id='word_1_272' title='bbox 2337 883 2612 945; x_wconf 81' lang='lat' dir='ltr'><strong>consistat</strong></span> <span class='ocrx_word' id='word_1_273' title='bbox 2732 884 2854 959; x_wconf 82' lang='lat'><strong>306</strong></span> 
     </span>
     <span class='ocr_line' id='line_1_64' title="bbox 1745 965 2849 1044; baseline -0.001 -18"><span class='ocrx_word' id='word_1_274' title='bbox 1745 967 1946 1028; x_wconf 79' lang='lat' dir='ltr'><strong>veritas</strong></span> <span class='ocrx_word' id='word_1_275' title='bbox 1972 967 2112 1027; x_wconf 75' lang='lat' dir='ltr'><strong>ideae</strong></span> <span class='ocrx_word' id='word_1_276' title='bbox 2542 965 2664 1026; x_wconf 85' lang='lat' dir='ltr'><strong>Fic.</strong></span> <span class='ocrx_word' id='word_1_277' title='bbox 2692 985 2751 1044; x_wconf 89' lang='lat' dir='ltr'><strong>p.</strong></span> <span class='ocrx_word' id='word_1_278' title='bbox 2774 982 2849 1044; x_wconf 84' lang='lat'><strong>35</strong></span> 
     </span>
     <span class='ocr_line' id='line_1_65' title="bbox 1742 1046 2853 1128; baseline -0.002 -21"><span class='ocrx_word' id='word_1_279' title='bbox 1742 1050 1923 1109; x_wconf 86' lang='lat' dir='ltr'><strong>Vesta</strong></span> <span class='ocrx_word' id='word_1_280' title='bbox 1941 1060 2003 1108; x_wconf 87' lang='grc'><strong>01</strong></span> <span class='ocrx_word' id='word_1_281' title='bbox 2023 1050 2194 1107; x_wconf 89' lang='lat' dir='ltr'><strong>Ceres</strong></span> <span class='ocrx_word' id='word_1_282' title='bbox 2220 1047 2356 1127; x_wconf 88' lang='lat' dir='ltr'><strong>quid</strong></span> <span class='ocrx_word' id='word_1_283' title='bbox 2385 1046 2707 1128; x_wconf 87' lang='lat' dir='ltr'><strong>significent</strong></span> <span class='ocrx_word' id='word_1_284' title='bbox 2730 1065 2853 1125; x_wconf 87' lang='lat'><strong>419</strong></span> 
     </span>
     <span class='ocr_line' id='line_1_66' title="bbox 1742 1128 2664 1209; baseline 0.001 -22"><span class='ocrx_word' id='word_1_285' title='bbox 1742 1142 1995 1191; x_wconf 86' lang='lat' dir='ltr'><strong>veterum</strong></span> <span class='ocrx_word' id='word_1_286' title='bbox 2036 1128 2464 1209; x_wconf 88' lang='lat' dir='ltr'><strong>superstitiones</strong></span> <span class='ocrx_word' id='word_1_287' title='bbox 2503 1148 2664 1188; x_wconf 72' lang='lat' dir='ltr'><strong>vante</strong></span> 
     </span>
    </p>

    <p class='ocr_par' dir='ltr' id='par_1_19' title="bbox 1742 1210 2855 1352">
     <span class='ocr_line' id='line_1_67' title="bbox 2504 1210 2855 1290; baseline -0.003 -21"><span class='ocrx_word' id='word_1_288' title='bbox 2504 1210 2624 1270; x_wconf 82' lang='lat' dir='ltr'><strong>Fic.</strong></span> <span class='ocrx_word' id='word_1_289' title='bbox 2655 1231 2713 1290; x_wconf 94' lang='lat' dir='ltr'><strong>p.</strong></span> <span class='ocrx_word' id='word_1_290' title='bbox 2737 1229 2855 1269; x_wconf 84' lang='lat'><strong>210</strong></span> 
     </span>
     <span class='ocr_line' id='line_1_68' title="bbox 1742 1290 2792 1352; baseline -0.002 -1"><span class='ocrx_word' id='word_1_291' title='bbox 1742 1290 2069 1352; x_wconf 86' lang='lat' dir='ltr'><strong>vicissitudo</strong></span> <span class='ocrx_word' id='word_1_292' title='bbox 2108 1311 2295 1352; x_wconf 88' lang='lat' dir='ltr'><strong>rerum</strong></span> <span class='ocrx_word' id='word_1_293' title='bbox 2337 1292 2596 1350; x_wconf 90' lang='lat' dir='ltr'><strong>omnium</strong></span> <span class='ocrx_word' id='word_1_294' title='bbox 2637 1290 2792 1350; x_wconf 86' lang='lat' dir='ltr'><strong>unde</strong></span> 
     </span>
    </p>

    <p class='ocr_par' dir='ltr' id='par_1_20' title="bbox 1746 1372 2852 1533">
     <span class='ocr_line' id='line_1_69' title="bbox 2505 1372 2851 1453; baseline -0.003 -21"><span class='ocrx_word' id='word_1_295' title='bbox 2505 1372 2626 1432; x_wconf 89' lang='lat' dir='ltr'><strong>Fic.</strong></span> <span class='ocrx_word' id='word_1_296' title='bbox 2657 1394 2713 1453; x_wconf 95' lang='lat' dir='ltr'><strong>p.</strong></span> <span class='ocrx_word' id='word_1_297' title='bbox 2742 1389 2851 1447; x_wconf 92' lang='lat'><strong>170</strong></span> 
     </span>
     <span class='ocr_line' id='line_1_70' title="bbox 1746 1453 2852 1533; baseline -0.003 -18"><span class='ocrx_word' id='word_1_298' title='bbox 1746 1453 2068 1515; x_wconf 80' lang='lat' dir='ltr'><strong>vicissitudo</strong></span> <span class='ocrx_word' id='word_1_299' title='bbox 2120 1474 2305 1515; x_wconf 86' lang='lat' dir='ltr'><strong>rerum</strong></span> <span class='ocrx_word' id='word_1_300' title='bbox 2359 1473 2716 1533; x_wconf 80' lang='lat' dir='ltr'><strong>nequaquam</strong></span> <span class='ocrx_word' id='word_1_301' title='bbox 2764 1466 2852 1513; x_wconf 90' lang='lat' dir='ltr'><strong>te-</strong></span> 
     </span>
    </p>

    <p class='ocr_par' dir='ltr' id='par_1_21' title="bbox 1742 1535 2852 1759">
     <span class='ocr_line' id='line_1_71' title="bbox 1827 1535 2848 1612; baseline -0.001 -17"><span class='ocrx_word' id='word_1_302' title='bbox 1827 1535 2064 1596; x_wconf 85' lang='lat' dir='ltr'><strong>meraria</strong></span> <span class='ocrx_word' id='word_1_303' title='bbox 2738 1536 2848 1612; x_wconf 88' lang='grc'><strong>265</strong></span> 
     </span>
     <span class='ocr_line' id='line_1_72' title="bbox 1742 1616 2849 1694; baseline -0.003 -17"><span class='ocrx_word' id='word_1_304' title='bbox 1742 1617 2075 1677; x_wconf 86' lang='lat' dir='ltr'><strong>vicissitudo</strong></span> <span class='ocrx_word' id='word_1_305' title='bbox 2102 1636 2286 1676; x_wconf 89' lang='lat' dir='ltr'><strong>rerum</strong></span> <span class='ocrx_word' id='word_1_306' title='bbox 2315 1616 2572 1677; x_wconf 89' lang='lat' dir='ltr'><strong>omnium</strong></span> <span class='ocrx_word' id='word_1_307' title='bbox 2733 1618 2849 1694; x_wconf 91' lang='lat'><strong>697</strong></span> 
     </span>
     <span class='ocr_line' id='line_1_73' title="bbox 1745 1698 2852 1759; baseline 0 -3"><span class='ocrx_word' id='word_1_308' title='bbox 1745 1699 1934 1759; x_wconf 86' lang='lat' dir='ltr'><strong>videre</strong></span> <span class='ocrx_word' id='word_1_309' title='bbox 1999 1698 2309 1758; x_wconf 88' lang='lat' dir='ltr'><strong>secundum</strong></span> <span class='ocrx_word' id='word_1_310' title='bbox 2371 1711 2564 1759; x_wconf 83' lang='lat' dir='ltr'><strong>actum</strong></span> <span class='ocrx_word' id='word_1_311' title='bbox 2627 1698 2852 1758; x_wconf 90' lang='lat' dir='ltr'><strong>duobus</strong></span> 
     </span>
    </p>

    <p class='ocr_par' dir='ltr' id='par_1_22' title="bbox 1745 1778 2856 2023">
     <span class='ocr_line' id='line_1_74' title="bbox 1826 1778 2853 1860; baseline -0.002 -20"><span class='ocrx_word' id='word_1_312' title='bbox 1826 1778 2110 1860; x_wconf 87' lang='lat' dir='ltr'><strong>contingit</strong></span> <span class='ocrx_word' id='word_1_313' title='bbox 2135 1778 2320 1839; x_wconf 86' lang='lat' dir='ltr'><strong>modis</strong></span> <span class='ocrx_word' id='word_1_314' title='bbox 2733 1781 2853 1856; x_wconf 90' lang='grc'><strong>526</strong></span> 
     </span>
     <span class='ocr_line' id='line_1_75' title="bbox 1745 1861 2852 1940; baseline -0.003 -20"><span class='ocrx_word' id='word_1_315' title='bbox 1745 1862 1818 1920; x_wconf 90' lang='lat' dir='ltr'><strong>Vi</strong></span> <span class='ocrx_word' id='word_1_316' title='bbox 1890 1861 2016 1920; x_wconf 90' lang='lat' dir='ltr'><strong>&#39;lius</strong></span> <span class='ocrx_word' id='word_1_317' title='bbox 2043 1861 2371 1921; x_wconf 84' lang='lat' dir='ltr'><strong>Platonicus</strong></span> <span class='ocrx_word' id='word_1_318' title='bbox 2500 1861 2620 1920; x_wconf 91' lang='lat' dir='ltr'><strong>Fic.</strong></span> <span class='ocrx_word' id='word_1_319' title='bbox 2648 1881 2709 1940; x_wconf 90' lang='lat' dir='ltr'><strong>p.</strong></span> <span class='ocrx_word' id='word_1_320' title='bbox 2738 1876 2852 1936; x_wconf 90' lang='lat'>170</span> 
     </span>
     <span class='ocr_line' id='line_1_76' title="bbox 1746 1882 2856 2023; baseline -0.002 -22"><span class='ocrx_word' id='word_1_321' title='bbox 1746 1882 2089 2023; x_wconf 53' lang='lat' dir='ltr'><strong>vigffintiam</strong></span> <span class='ocrx_word' id='word_1_322' title='bbox 2128 1961 2300 2022; x_wconf 88' lang='lat' dir='ltr'><strong>super</strong></span> <span class='ocrx_word' id='word_1_323' title='bbox 2336 1941 2644 2002; x_wconf 87' lang='lat' dir='ltr'><strong>essentiam</strong></span> <span class='ocrx_word' id='word_1_324' title='bbox 2685 1941 2856 2002; x_wconf 90' lang='lat' dir='ltr'><strong>intel-</strong></span> 
     </span>
    </p>
   </div>
   <div class='ocr_carea' id='block_1_13' title="bbox 1746 2023 2851 2267">
    <p class='ocr_par' dir='ltr' id='par_1_23' title="bbox 1746 2023 2851 2267">
     <span class='ocr_line' id='line_1_77' title="bbox 1824 2023 2848 2100; baseline -0.003 -16"><span class='ocrx_word' id='word_1_325' title='bbox 1824 2023 2032 2084; x_wconf 87' lang='lat' dir='ltr'><strong>lectum</strong></span> <span class='ocrx_word' id='word_1_326' title='bbox 2062 2036 2254 2083; x_wconf 80' lang='lat' dir='ltr'><strong>extare</strong></span> <span class='ocrx_word' id='word_1_327' title='bbox 2734 2040 2848 2100; x_wconf 84' lang='lat'>752</span> 
     </span>
     <span class='ocr_line' id='line_1_78' title="bbox 1747 2104 2851 2185; baseline -0.003 -20"><span class='ocrx_word' id='word_1_328' title='bbox 1747 2104 1902 2185; x_wconf 88' lang='lat' dir='ltr'><strong>virgo</strong></span> <span class='ocrx_word' id='word_1_329' title='bbox 1928 2125 2029 2165; x_wconf 89' lang='lat' dir='ltr'><strong>cur</strong></span> <span class='ocrx_word' id='word_1_330' title='bbox 2054 2105 2207 2164; x_wconf 91' lang='lat' dir='ltr'><strong>dicta</strong></span> <span class='ocrx_word' id='word_1_331' title='bbox 2499 2104 2621 2163; x_wconf 91' lang='lat' dir='ltr'><strong>Fic.</strong></span> <span class='ocrx_word' id='word_1_332' title='bbox 2650 2124 2708 2183; x_wconf 91' lang='lat' dir='ltr'><strong>p.</strong></span> <span class='ocrx_word' id='word_1_333' title='bbox 2735 2123 2851 2162; x_wconf 87' lang='lat'><strong>210</strong></span> 
     </span>
     <span class='ocr_line' id='line_1_79' title="bbox 1746 2185 2851 2267; baseline -0.003 -20"><span class='ocrx_word' id='word_1_334' title='bbox 1746 2186 1901 2267; x_wconf 85' lang='lat' dir='ltr'><strong>virgo</strong></span> <span class='ocrx_word' id='word_1_335' title='bbox 1929 2185 2222 2266; x_wconf 59' lang='lat' dir='ltr'><strong>Hispaniae</strong></span> <span class='ocrx_word' id='word_1_336' title='bbox 2249 2197 2454 2266; x_wconf 74' lang='lat' dir='ltr'><strong>proeest</strong></span> <span class='ocrx_word' id='word_1_337' title='bbox 2774 2185 2851 2244; x_wconf 90' lang='lat' dir='ltr'><strong>ib.</strong></span> 
     </span>
    </p>
   </div>
   <div class='ocr_carea' id='block_1_14' title="bbox 1740 2267 2855 3546">
    <p class='ocr_par' dir='ltr' id='par_1_24' title="bbox 1740 2267 2855 2999">
     <span class='ocr_line' id='line_1_80' title="bbox 1745 2267 2847 2349; baseline -0.006 -20"><span class='ocrx_word' id='word_1_338' title='bbox 1745 2269 1967 2346; x_wconf 85' lang='lat' dir='ltr'><strong>Ulyssis</strong></span> <span class='ocrx_word' id='word_1_339' title='bbox 1994 2268 2185 2327; x_wconf 83' lang='lat' dir='ltr'><strong>fabula</strong></span> <span class='ocrx_word' id='word_1_340' title='bbox 2210 2267 2520 2349; x_wconf 85' lang='lat' dir='ltr'><strong>explicatur</strong></span> <span class='ocrx_word' id='word_1_341' title='bbox 2771 2282 2847 2343; x_wconf 84' lang='lat'>57</span> 
     </span>
     <span class='ocr_line' id='line_1_81' title="bbox 1745 2347 2849 2429; baseline -0.005 -19"><span class='ocrx_word' id='word_1_342' title='bbox 1745 2352 2059 2429; x_wconf 86' lang='lat' dir='ltr'><strong>viperarum</strong></span> <span class='ocrx_word' id='word_1_343' title='bbox 2087 2359 2289 2409; x_wconf 88' lang='lat' dir='ltr'><strong>natura</strong></span> <span class='ocrx_word' id='word_1_344' title='bbox 2502 2347 2621 2406; x_wconf 86' lang='lat' dir='ltr'><strong>Fic.</strong></span> <span class='ocrx_word' id='word_1_345' title='bbox 2648 2367 2704 2426; x_wconf 90' lang='lat' dir='ltr'><strong>p.</strong></span> <span class='ocrx_word' id='word_1_346' title='bbox 2728 2366 2849 2425; x_wconf 84' lang='grc'>439</span> 
     </span>
     <span class='ocr_line' id='line_1_82' title="bbox 1746 2429 2848 2509; baseline -0.003 -19"><span class='ocrx_word' id='word_1_347' title='bbox 1746 2430 1887 2491; x_wconf 70' lang='lat' dir='ltr'><strong>vires</strong></span> <span class='ocrx_word' id='word_1_348' title='bbox 1924 2429 2201 2498; x_wconf 88' lang='lat' dir='ltr'><strong>omnium,</strong></span> <span class='ocrx_word' id='word_1_349' title='bbox 2232 2450 2359 2509; x_wconf 79' lang='lat' dir='ltr'><strong>quoe</strong></span> <span class='ocrx_word' id='word_1_350' title='bbox 2397 2430 2689 2498; x_wconf 83' lang='lat' dir='ltr'><strong>babemus,</strong></span> <span class='ocrx_word' id='word_1_351' title='bbox 2730 2449 2848 2488; x_wconf 91' lang='lat' dir='ltr'><strong>non</strong></span> 
     </span>
     <span class='ocr_line' id='line_1_83' title="bbox 1826 2511 2853 2606; baseline -0.003 -35"><span class='ocrx_word' id='word_1_352' title='bbox 1826 2511 2023 2572; x_wconf 87' lang='lat' dir='ltr'><strong>statim</strong></span> <span class='ocrx_word' id='word_1_353' title='bbox 2051 2532 2112 2572; x_wconf 85' lang='grc'><strong>00</strong></span> <span class='ocrx_word' id='word_1_354' title='bbox 2139 2512 2438 2606; x_wconf 85' lang='lat' dir='ltr'><strong>proferunt</strong></span> <span class='ocrx_word' id='word_1_355' title='bbox 2813 2511 2853 2569; x_wconf 94' lang='lat'><strong>6</strong></span> 
     </span>
     <span class='ocr_line' id='line_1_84' title="bbox 1744 2593 2855 2672; baseline -0.004 -20"><span class='ocrx_word' id='word_1_356' title='bbox 1744 2593 1919 2654; x_wconf 87' lang='lat' dir='ltr'><strong>virtus</strong></span> <span class='ocrx_word' id='word_1_357' title='bbox 1948 2594 2083 2672; x_wconf 90' lang='lat' dir='ltr'><strong>quid</strong></span> <span class='ocrx_word' id='word_1_358' title='bbox 2112 2608 2186 2652; x_wconf 87' lang='grc'><strong>011</strong></span> <span class='ocrx_word' id='word_1_359' title='bbox 2732 2609 2855 2667; x_wconf 86' lang='grc'><strong>304</strong></span> 
     </span>
     <span class='ocr_line' id='line_1_85' title="bbox 1744 2671 2848 2753; baseline 0.001 -23"><span class='ocrx_word' id='word_1_360' title='bbox 1744 2674 1918 2734; x_wconf 77' lang='lat' dir='ltr'><strong>virtus</strong></span> <span class='ocrx_word' id='word_1_361' title='bbox 1944 2674 2118 2734; x_wconf 86' lang='lat' dir='ltr'><strong>civilis</strong></span> <span class='ocrx_word' id='word_1_362' title='bbox 2145 2672 2283 2753; x_wconf 86' lang='lat' dir='ltr'><strong>quid</strong></span> <span class='ocrx_word' id='word_1_363' title='bbox 2546 2671 2665 2731; x_wconf 87' lang='lat' dir='ltr'><strong>Fic.</strong></span> <span class='ocrx_word' id='word_1_364' title='bbox 2695 2693 2750 2752; x_wconf 89' lang='lat' dir='ltr'><strong>p.</strong></span> <span class='ocrx_word' id='word_1_365' title='bbox 2779 2673 2848 2731; x_wconf 84' lang='lat'><strong>18</strong></span> 
     </span>
     <span class='ocr_line' id='line_1_86' title="bbox 1743 2755 2849 2835; baseline -0.004 -20"><span class='ocrx_word' id='word_1_366' title='bbox 1743 2755 1917 2815; x_wconf 84' lang='lat' dir='ltr'><strong>virtus</strong></span> <span class='ocrx_word' id='word_1_367' title='bbox 1945 2755 2080 2835; x_wconf 91' lang='lat' dir='ltr'><strong>quid</strong></span> <span class='ocrx_word' id='word_1_368' title='bbox 2111 2756 2167 2814; x_wconf 89' lang='lat' dir='ltr'><strong>in</strong></span> <span class='ocrx_word' id='word_1_369' title='bbox 2195 2756 2388 2813; x_wconf 86' lang='lat' dir='ltr'><strong>anima</strong></span> <span class='ocrx_word' id='word_1_370' title='bbox 2413 2764 2610 2812; x_wconf 88' lang='lat' dir='ltr'><strong>nostra</strong></span> <span class='ocrx_word' id='word_1_371' title='bbox 2770 2755 2849 2813; x_wconf 89' lang='lat' dir='ltr'><strong>ib.</strong></span> 
     </span>
     <span class='ocr_line' id='line_1_87' title="bbox 1744 2834 2850 2914; baseline -0.002 -19"><span class='ocrx_word' id='word_1_372' title='bbox 1744 2839 1916 2897; x_wconf 90' lang='lat' dir='ltr'><strong>virtus</strong></span> <span class='ocrx_word' id='word_1_373' title='bbox 1942 2836 2147 2896; x_wconf 81' lang='lat' dir='ltr'><strong>animae</strong></span> <span class='ocrx_word' id='word_1_374' title='bbox 2176 2835 2380 2914; x_wconf 85' lang='lat' dir='ltr'><strong>duplex</strong></span> <span class='ocrx_word' id='word_1_375' title='bbox 2502 2834 2620 2894; x_wconf 86' lang='lat' dir='ltr'><strong>Fic.</strong></span> <span class='ocrx_word' id='word_1_376' title='bbox 2649 2855 2708 2913; x_wconf 94' lang='lat' dir='ltr'><strong>p.</strong></span> <span class='ocrx_word' id='word_1_377' title='bbox 2734 2853 2850 2913; x_wconf 85' lang='lat'>547</span> 
     </span>
     <span class='ocr_line' id='line_1_88' title="bbox 1740 2915 2684 2999; baseline -0.004 -22"><span class='ocrx_word' id='word_1_378' title='bbox 1740 2920 1919 2978; x_wconf 86' lang='lat' dir='ltr'><strong>virtus</strong></span> <span class='ocrx_word' id='word_1_379' title='bbox 1959 2920 2184 2999; x_wconf 89' lang='lat' dir='ltr'><strong>purgati</strong></span> <span class='ocrx_word' id='word_1_380' title='bbox 2225 2918 2399 2976; x_wconf 87' lang='lat' dir='ltr'><strong>animi</strong></span> <span class='ocrx_word' id='word_1_381' title='bbox 2440 2936 2567 2995; x_wconf 74' lang='lat' dir='ltr'><strong>qua·</strong></span> <span class='ocrx_word' id='word_1_382' title='bbox 2607 2915 2684 2974; x_wconf 89' lang='lat' dir='ltr'><strong>sit</strong></span> 
     </span>
    </p>

    <p class='ocr_par' dir='ltr' id='par_1_25' title="bbox 2545 2997 2852 3077">
     <span class='ocr_line' id='line_1_89' title="bbox 2545 2997 2852 3077; baseline 0 -21"><span class='ocrx_word' id='word_1_383' title='bbox 2545 2997 2665 3056; x_wconf 89' lang='lat' dir='ltr'><strong>Fic.</strong></span> <span class='ocrx_word' id='word_1_384' title='bbox 2693 3018 2752 3077; x_wconf 93' lang='lat' dir='ltr'><strong>p.</strong></span> <span class='ocrx_word' id='word_1_385' title='bbox 2780 2998 2852 3056; x_wconf 90' lang='lat'><strong>18</strong></span> 
     </span>
    </p>

    <p class='ocr_par' dir='ltr' id='par_1_26' title="bbox 1744 3079 2854 3546">
     <span class='ocr_line' id='line_1_90' title="bbox 1744 3079 2790 3140; baseline -0.001 -1"><span class='ocrx_word' id='word_1_386' title='bbox 1744 3079 1918 3139; x_wconf 85' lang='lat' dir='ltr'><strong>virtus</strong></span> <span class='ocrx_word' id='word_1_387' title='bbox 1959 3100 2073 3140; x_wconf 91' lang='lat' dir='ltr'><strong>non</strong></span> <span class='ocrx_word' id='word_1_388' title='bbox 2117 3093 2207 3140; x_wconf 89' lang='lat' dir='ltr'><strong>est</strong></span> <span class='ocrx_word' id='word_1_389' title='bbox 2246 3098 2534 3139; x_wconf 86' lang='lat' dir='ltr'><strong>summum</strong></span> <span class='ocrx_word' id='word_1_390' title='bbox 2577 3080 2790 3138; x_wconf 86' lang='lat' dir='ltr'><strong>bonum</strong></span> 
     </span>
     <span class='ocr_line' id='line_1_91' title="bbox 2504 3160 2848 3240; baseline 0 -21"><span class='ocrx_word' id='word_1_391' title='bbox 2504 3160 2625 3220; x_wconf 89' lang='lat' dir='ltr'><strong>Fic.</strong></span> <span class='ocrx_word' id='word_1_392' title='bbox 2653 3181 2710 3240; x_wconf 90' lang='lat' dir='ltr'><strong>p.</strong></span> <span class='ocrx_word' id='word_1_393' title='bbox 2740 3178 2848 3237; x_wconf 84' lang='lat'><strong>133</strong></span> 
     </span>
     <span class='ocr_line' id='line_1_92' title="bbox 1746 3242 2854 3324; baseline -0.002 -22"><span class='ocrx_word' id='word_1_394' title='bbox 1746 3242 1918 3303; x_wconf 86' lang='lat' dir='ltr'><strong>virtus</strong></span> <span class='ocrx_word' id='word_1_395' title='bbox 1947 3242 2373 3324; x_wconf 85' lang='lat' dir='ltr'><strong>participatione</strong></span> <span class='ocrx_word' id='word_1_396' title='bbox 2400 3242 2657 3321; x_wconf 90' lang='lat' dir='ltr'><strong>pulcrum</strong></span> <span class='ocrx_word' id='word_1_397' title='bbox 2776 3244 2854 3302; x_wconf 90' lang='grc'><strong>80</strong></span> 
     </span>
     <span class='ocr_line' id='line_1_93' title="bbox 1745 3323 2853 3405; baseline -0.001 -21"><span class='ocrx_word' id='word_1_398' title='bbox 1745 3325 1921 3385; x_wconf 85' lang='grc'>1111110</span> <span class='ocrx_word' id='word_1_399' title='bbox 1949 3325 2274 3405; x_wconf 89' lang='lat' dir='ltr'><strong>purgatoria</strong></span> <span class='ocrx_word' id='word_1_400' title='bbox 2298 3323 2435 3403; x_wconf 88' lang='lat' dir='ltr'><strong>quid</strong></span> <span class='ocrx_word' id='word_1_401' title='bbox 2539 3324 2659 3385; x_wconf 85' lang='lat' dir='ltr'><strong>Fic.</strong></span> <span class='ocrx_word' id='word_1_402' title='bbox 2687 3345 2746 3405; x_wconf 89' lang='lat' dir='ltr'><strong>p.</strong></span> <span class='ocrx_word' id='word_1_403' title='bbox 2778 3326 2853 3383; x_wconf 91' lang='grc'><strong>18</strong></span> 
     </span>
     <span class='ocr_line' id='line_1_94' title="bbox 1747 3405 2854 3546; baseline 0 -81"><span class='ocrx_word' id='word_1_404' title='bbox 1747 3407 1919 3467; x_wconf 88' lang='grc'>1111110</span> <span class='ocrx_word' id='word_1_405' title='bbox 1948 3407 2154 3487; x_wconf 88' lang='lat' dir='ltr'><strong>aliqua,</strong></span> <span class='ocrx_word' id='word_1_406' title='bbox 2170 3407 2256 3468; x_wconf 82' lang='lat' dir='ltr'><strong>vel</strong></span> <span class='ocrx_word' id='word_1_407' title='bbox 2282 3406 2405 3486; x_wconf 89' lang='lat' dir='ltr'><strong>ipsa</strong></span> <span class='ocrx_word' id='word_1_408' title='bbox 2430 3405 2720 3484; x_wconf 88' lang='lat' dir='ltr'><strong>quomodo</strong></span> <span class='ocrx_word' id='word_1_409' title='bbox 2748 3407 2854 3546; x_wconf 58' lang='lat' dir='ltr'><strong>bg&gt;-</strong></span> 
     </span>
     <span class='ocr_line' id='line_1_95' title="bbox 2818 3506 2849 3545; baseline 0 0"><span class='ocrx_word' id='word_1_410' title='bbox 2818 3506 2849 3545; x_wconf 88' lang='lat'><em>2</em></span> 
     </span>
    </p>
   </div>
   <div class='ocr_carea' id='block_1_15' title="bbox 1740 3582 2849 3871">
    <p class='ocr_par' dir='ltr' id='par_1_27' title="bbox 1740 3582 2849 3871">
     <span class='ocr_line' id='line_1_96' title="bbox 1745 3582 2847 3729; baseline 0.001 -23"><span class='ocrx_word' id='word_1_411' title='bbox 1745 3649 1919 3710; x_wconf 84' lang='lat' dir='ltr'><strong>virtus</strong></span> <span class='ocrx_word' id='word_1_412' title='bbox 1946 3651 2097 3709; x_wconf 89' lang='lat' dir='ltr'><strong>sitne</strong></span> <span class='ocrx_word' id='word_1_413' title='bbox 2124 3649 2438 3729; x_wconf 82' lang='lat' dir='ltr'><strong>purificatio</strong></span> <span class='ocrx_word' id='word_1_414' title='bbox 2774 3582 2847 3724; x_wconf 59' lang='lat' dir='ltr'><strong>ig</strong></span> 
     </span>
     <span class='ocr_line' id='line_1_97' title="bbox 1744 3729 2846 3823; baseline 0 -35"><span class='ocrx_word' id='word_1_415' title='bbox 1744 3732 1915 3790; x_wconf 85' lang='lat' dir='ltr'><strong>virtus</strong></span> <span class='ocrx_word' id='word_1_416' title='bbox 1942 3731 2077 3810; x_wconf 90' lang='lat' dir='ltr'><strong>quid</strong></span> <span class='ocrx_word' id='word_1_417' title='bbox 2106 3730 2165 3789; x_wconf 90' lang='lat' dir='ltr'><strong>in</strong></span> <span class='ocrx_word' id='word_1_418' title='bbox 2191 3732 2321 3790; x_wconf 90' lang='lat' dir='ltr'><strong>Deo</strong></span> <span class='ocrx_word' id='word_1_419' title='bbox 2535 3729 2655 3823; x_wconf 71' lang='lat' dir='ltr'><strong>Fic.</strong></span> <span class='ocrx_word' id='word_1_420' title='bbox 2686 3750 2744 3822; x_wconf 91' lang='lat' dir='ltr'><strong>p.</strong></span> <span class='ocrx_word' id='word_1_421' title='bbox 2776 3730 2846 3788; x_wconf 85' lang='lat'><strong>18</strong></span> 
     </span>
     <span class='ocr_line' id='line_1_98' title="bbox 1740 3811 2849 3871; baseline -0.003 0"><span class='ocrx_word' id='word_1_422' title='bbox 1740 3812 1916 3871; x_wconf 86' lang='lat' dir='ltr'><strong>virtus</strong></span> <span class='ocrx_word' id='word_1_423' title='bbox 1971 3811 2259 3871; x_wconf 87' lang='lat' dir='ltr'><strong>rationalis</strong></span> <span class='ocrx_word' id='word_1_424' title='bbox 2311 3811 2383 3871; x_wconf 90' lang='lat' dir='ltr'><strong>ad</strong></span> <span class='ocrx_word' id='word_1_425' title='bbox 2436 3811 2849 3869; x_wconf 77' lang='lat' dir='ltr'><strong>beatitudinem</strong></span> 
     </span>
    </p>
   </div>
   <div class='ocr_carea' id='block_1_16' title="bbox 1744 3509 2476 3647">
    <p class='ocr_par' dir='ltr' id='par_1_28' title="bbox 1744 3509 2476 3647">
     <span class='ocr_line' id='line_1_99' title="bbox 1744 3509 2476 3647; baseline 0.001 -21"><span class='ocrx_word' id='word_1_426' title='bbox 1744 3509 1962 3629; x_wconf 55' lang='grc' dir='ltr'>1111111οω</span> <span class='ocrx_word' id='word_1_427' title='bbox 1947 3569 2234 3647; x_wconf 88' lang='lat' dir='ltr'><strong>quoddam</strong></span> <span class='ocrx_word' id='word_1_428' title='bbox 2262 3570 2476 3628; x_wconf 90' lang='lat' dir='ltr'><strong>bonum</strong></span> 
     </span>
    </p>
   </div>
   <div class='ocr_carea' id='block_1_17' title="bbox 1736 3891 2848 4866">
    <p class='ocr_par' dir='ltr' id='par_1_29' title="bbox 1740 3891 2847 4133">
     <span class='ocr_line' id='line_1_100' title="bbox 1822 3891 2844 3969; baseline -0.002 -18"><span class='ocrx_word' id='word_1_429' title='bbox 1822 3893 2113 3952; x_wconf 76' lang='lat' dir='ltr'><strong>confertur</strong></span> <span class='ocrx_word' id='word_1_430' title='bbox 2537 3891 2660 3951; x_wconf 88' lang='lat' dir='ltr'><strong>Fic.</strong></span> <span class='ocrx_word' id='word_1_431' title='bbox 2688 3912 2745 3969; x_wconf 92' lang='lat' dir='ltr'><strong>p.</strong></span> <span class='ocrx_word' id='word_1_432' title='bbox 2768 3909 2844 3969; x_wconf 91' lang='lat'><strong>47</strong></span> 
     </span>
     <span class='ocr_line' id='line_1_101' title="bbox 1740 3972 2847 4053; baseline -0.001 -20"><span class='ocrx_word' id='word_1_433' title='bbox 1740 3973 1914 4033; x_wconf 88' lang='lat' dir='ltr'><strong>virtus</strong></span> <span class='ocrx_word' id='word_1_434' title='bbox 1927 3973 1986 4033; x_wconf 92' lang='lat' dir='ltr'><strong>in</strong></span> <span class='ocrx_word' id='word_1_435' title='bbox 2001 3972 2192 4033; x_wconf 88' lang='lat' dir='ltr'><strong>animo</strong></span> <span class='ocrx_word' id='word_1_436' title='bbox 2203 3973 2489 4053; x_wconf 84' lang='lat' dir='ltr'><strong>exemplar</strong></span> <span class='ocrx_word' id='word_1_437' title='bbox 2497 3973 2646 4051; x_wconf 87' lang='lat' dir='ltr'><strong>apud</strong></span> <span class='ocrx_word' id='word_1_438' title='bbox 2657 3974 2847 4032; x_wconf 90' lang='lat' dir='ltr'><strong>Deum</strong></span> 
     </span>
     <span class='ocr_line' id='line_1_102' title="bbox 2536 4053 2844 4133; baseline -0.003 -20"><span class='ocrx_word' id='word_1_439' title='bbox 2536 4053 2659 4115; x_wconf 89' lang='lat' dir='ltr'><strong>Fic.</strong></span> <span class='ocrx_word' id='word_1_440' title='bbox 2688 4075 2744 4133; x_wconf 91' lang='lat' dir='ltr'><strong>p.</strong></span> <span class='ocrx_word' id='word_1_441' title='bbox 2774 4071 2844 4131; x_wconf 90' lang='lat'><strong>17</strong></span> 
     </span>
    </p>

    <p class='ocr_par' dir='ltr' id='par_1_30' title="bbox 1736 4134 2848 4866">
     <span class='ocr_line' id='line_1_103' title="bbox 1739 4134 2848 4196; baseline 0 -1"><span class='ocrx_word' id='word_1_442' title='bbox 1739 4135 1912 4195; x_wconf 86' lang='lat' dir='ltr'><strong>virtus</strong></span> <span class='ocrx_word' id='word_1_443' title='bbox 1936 4135 2148 4194; x_wconf 89' lang='lat' dir='ltr'><strong>similes</strong></span> <span class='ocrx_word' id='word_1_444' title='bbox 2175 4134 2360 4194; x_wconf 88' lang='lat' dir='ltr'><strong>reddit</strong></span> <span class='ocrx_word' id='word_1_445' title='bbox 2383 4136 2516 4194; x_wconf 89' lang='lat' dir='ltr'><strong>Deo</strong></span> <span class='ocrx_word' id='word_1_446' title='bbox 2769 4134 2848 4196; x_wconf 91' lang='lat' dir='ltr'><strong>ib.</strong></span> 
     </span>
     <span class='ocr_line' id='line_1_104' title="bbox 1738 4214 2842 4293; baseline -0.001 -17"><span class='ocrx_word' id='word_1_447' title='bbox 1738 4216 1913 4276; x_wconf 90' lang='lat' dir='ltr'><strong>virtus</strong></span> <span class='ocrx_word' id='word_1_448' title='bbox 1939 4216 2119 4276; x_wconf 83' lang='lat' dir='ltr'><strong>civilis</strong></span> <span class='ocrx_word' id='word_1_449' title='bbox 2148 4237 2265 4276; x_wconf 92' lang='lat' dir='ltr'><strong>non</strong></span> <span class='ocrx_word' id='word_1_450' title='bbox 2294 4229 2380 4275; x_wconf 89' lang='lat' dir='ltr'><strong>est</strong></span> <span class='ocrx_word' id='word_1_451' title='bbox 2409 4214 2617 4276; x_wconf 90' lang='lat' dir='ltr'><strong>mentis</strong></span> <span class='ocrx_word' id='word_1_452' title='bbox 2775 4235 2842 4293; x_wconf 84' lang='lat'><strong>13</strong></span> 
     </span>
     <span class='ocr_line' id='line_1_105' title="bbox 1741 4296 2845 4377; baseline -0.002 -20"><span class='ocrx_word' id='word_1_453' title='bbox 1741 4297 1916 4357; x_wconf 86' lang='lat' dir='ltr'><strong>virtus</strong></span> <span class='ocrx_word' id='word_1_454' title='bbox 1943 4298 2081 4377; x_wconf 89' lang='lat' dir='ltr'><strong>quid</strong></span> <span class='ocrx_word' id='word_1_455' title='bbox 2109 4297 2168 4357; x_wconf 92' lang='lat' dir='ltr'><strong>in</strong></span> <span class='ocrx_word' id='word_1_456' title='bbox 2205 4296 2501 4357; x_wconf 88' lang='lat' dir='ltr'><strong>animabus</strong></span> <span class='ocrx_word' id='word_1_457' title='bbox 2540 4296 2845 4376; x_wconf 85' lang='lat' dir='ltr'><strong>superiori·</strong></span> 
     </span>
     <span class='ocr_line' id='line_1_106' title="bbox 1821 4378 2846 4458; baseline -0.001 -19"><span class='ocrx_word' id='word_1_458' title='bbox 1821 4381 1927 4439; x_wconf 88' lang='lat' dir='ltr'><strong>bus</strong></span> <span class='ocrx_word' id='word_1_459' title='bbox 2532 4378 2652 4439; x_wconf 88' lang='lat' dir='ltr'><strong>Fic.</strong></span> <span class='ocrx_word' id='word_1_460' title='bbox 2684 4399 2743 4458; x_wconf 93' lang='lat' dir='ltr'><strong>p.</strong></span> <span class='ocrx_word' id='word_1_461' title='bbox 2776 4380 2846 4438; x_wconf 89' lang='lat'><strong>18</strong></span> 
     </span>
     <span class='ocr_line' id='line_1_107' title="bbox 1741 4460 2846 4542; baseline 0.002 -23"><span class='ocrx_word' id='word_1_462' title='bbox 1741 4460 1917 4520; x_wconf 86' lang='lat' dir='ltr'><strong>virtus</strong></span> <span class='ocrx_word' id='word_1_463' title='bbox 1943 4460 2259 4542; x_wconf 86' lang='lat' dir='ltr'><strong>purificatio</strong></span> <span class='ocrx_word' id='word_1_464' title='bbox 2765 4476 2846 4537; x_wconf 87' lang='grc'>54</span> 
     </span>
     <span class='ocr_line' id='line_1_108' title="bbox 1736 4541 2844 4622; baseline -0.001 -21"><span class='ocrx_word' id='word_1_465' title='bbox 1736 4542 1913 4602; x_wconf 89' lang='lat' dir='ltr'><strong>virtus</strong></span> <span class='ocrx_word' id='word_1_466' title='bbox 1955 4542 2013 4602; x_wconf 89' lang='lat' dir='ltr'><strong>in</strong></span> <span class='ocrx_word' id='word_1_467' title='bbox 2060 4543 2254 4603; x_wconf 89' lang='lat' dir='ltr'><strong>animo</strong></span> <span class='ocrx_word' id='word_1_468' title='bbox 2290 4541 2426 4622; x_wconf 89' lang='lat' dir='ltr'><strong>quid</strong></span> <span class='ocrx_word' id='word_1_469' title='bbox 2460 4542 2615 4620; x_wconf 83' lang='lat' dir='ltr'><strong>apud</strong></span> <span class='ocrx_word' id='word_1_470' title='bbox 2653 4541 2844 4600; x_wconf 89' lang='lat' dir='ltr'><strong>Deum</strong></span> 
     </span>
     <span class='ocr_line' id='line_1_109' title="bbox 1818 4621 2844 4700; baseline -0.001 -17"><span class='ocrx_word' id='word_1_471' title='bbox 1818 4623 1894 4684; x_wconf 90' lang='lat' dir='ltr'><strong>sit</strong></span> <span class='ocrx_word' id='word_1_472' title='bbox 2532 4621 2654 4681; x_wconf 89' lang='lat' dir='ltr'><strong>Fic.</strong></span> <span class='ocrx_word' id='word_1_473' title='bbox 2684 4643 2739 4700; x_wconf 91' lang='lat' dir='ltr'><strong>p.</strong></span> <span class='ocrx_word' id='word_1_474' title='bbox 2773 4625 2844 4682; x_wconf 86' lang='lat'><strong>18</strong></span> 
     </span>
     <span class='ocr_line' id='line_1_110' title="bbox 1739 4702 2845 4785; baseline -0.001 -23"><span class='ocrx_word' id='word_1_475' title='bbox 1739 4703 1911 4765; x_wconf 89' lang='lat' dir='ltr'><strong>virtus</strong></span> <span class='ocrx_word' id='word_1_476' title='bbox 1938 4706 2008 4764; x_wconf 88' lang='lat' dir='ltr'><strong>ad</strong></span> <span class='ocrx_word' id='word_1_477' title='bbox 2035 4705 2396 4785; x_wconf 87' lang='lat' dir='ltr'><strong>excipiendos</strong></span> <span class='ocrx_word' id='word_1_478' title='bbox 2432 4702 2577 4763; x_wconf 87' lang='lat' dir='ltr'><strong>ictus</strong></span> <span class='ocrx_word' id='word_1_479' title='bbox 2604 4703 2845 4762; x_wconf 77' lang='lat' dir='ltr'><strong>fortunoe</strong></span> 
     </span>
     <span class='ocr_line' id='line_1_111' title="bbox 1819 4786 2842 4866; baseline -0.004 0"><span class='ocrx_word' id='word_1_480' title='bbox 1819 4786 2050 4866; x_wconf 62' lang='lat' dir='ltr'><strong>clypeus</strong></span> <span class='ocrx_word' id='word_1_481' title='bbox 2767 4800 2842 4862; x_wconf 81' lang='lat'><strong>35</strong></span> 
     </span>
    </p>
   </div>
   <div class='ocr_carea' id='block_1_18' title="bbox 1738 4864 2847 5272">
    <p class='ocr_par' dir='ltr' id='par_1_31' title="bbox 1740 4864 2843 5026">
     <span class='ocr_line' id='line_1_112' title="bbox 1741 4864 2843 4945; baseline -0.002 -20"><span class='ocrx_word' id='word_1_482' title='bbox 1741 4867 1912 4927; x_wconf 87' lang='lat' dir='ltr'><strong>virtus</strong></span> <span class='ocrx_word' id='word_1_483' title='bbox 1940 4881 2029 4927; x_wconf 88' lang='lat' dir='ltr'><strong>est</strong></span> <span class='ocrx_word' id='word_1_484' title='bbox 2055 4868 2238 4926; x_wconf 85' lang='lat' dir='ltr'><strong>forma</strong></span> <span class='ocrx_word' id='word_1_485' title='bbox 2264 4865 2501 4945; x_wconf 83' lang='lat' dir='ltr'><strong>subjecti</strong></span> <span class='ocrx_word' id='word_1_486' title='bbox 2532 4864 2655 4924; x_wconf 87' lang='lat' dir='ltr'><strong>Fic.</strong></span> <span class='ocrx_word' id='word_1_487' title='bbox 2685 4886 2742 4944; x_wconf 94' lang='lat' dir='ltr'><strong>p.</strong></span> <span class='ocrx_word' id='word_1_488' title='bbox 2771 4865 2843 4924; x_wconf 92' lang='grc'><strong>18</strong></span> 
     </span>
     <span class='ocr_line' id='line_1_113' title="bbox 1740 4948 2843 5026; baseline -0.003 -19"><span class='ocrx_word' id='word_1_489' title='bbox 1740 4951 1915 5007; x_wconf 86' lang='lat' dir='ltr'><strong>virtus</strong></span> <span class='ocrx_word' id='word_1_490' title='bbox 1954 4948 2222 5008; x_wconf 87' lang='lat' dir='ltr'><strong>mirabilis</strong></span> <span class='ocrx_word' id='word_1_491' title='bbox 2250 4961 2494 5026; x_wconf 88' lang='lat' dir='ltr'><strong>quatuor</strong></span> <span class='ocrx_word' id='word_1_492' title='bbox 2520 4966 2706 5005; x_wconf 88' lang='lat' dir='ltr'><strong>rerum</strong></span> <span class='ocrx_word' id='word_1_493' title='bbox 2742 4966 2843 5026; x_wconf 88' lang='lat' dir='ltr'><strong>ge·</strong></span> 
     </span>
    </p>

    <p class='ocr_par' dir='ltr' id='par_1_32' title="bbox 1738 5029 2847 5272">
     <span class='ocr_line' id='line_1_114' title="bbox 1824 5029 2844 5104; baseline -0.003 -15"><span class='ocrx_word' id='word_1_494' title='bbox 1824 5032 2051 5089; x_wconf 88' lang='lat' dir='ltr'><strong>neribus</strong></span> <span class='ocrx_word' id='word_1_495' title='bbox 2079 5029 2227 5089; x_wconf 87' lang='lat' dir='ltr'><strong>inest</strong></span> <span class='ocrx_word' id='word_1_496' title='bbox 2721 5046 2844 5104; x_wconf 91' lang='grc'><strong>434</strong></span> 
     </span>
     <span class='ocr_line' id='line_1_115' title="bbox 1739 5109 2847 5188; baseline -0.001 -19"><span class='ocrx_word' id='word_1_497' title='bbox 1739 5111 1914 5170; x_wconf 89' lang='lat' dir='ltr'><strong>virtus</strong></span> <span class='ocrx_word' id='word_1_498' title='bbox 1941 5111 2146 5170; x_wconf 79' lang='lat' dir='ltr'><strong>animae</strong></span> <span class='ocrx_word' id='word_1_499' title='bbox 2176 5110 2363 5169; x_wconf 88' lang='lat' dir='ltr'><strong>media</strong></span> <span class='ocrx_word' id='word_1_500' title='bbox 2388 5128 2513 5188; x_wconf 72' lang='lat' dir='ltr'><strong>quoe</strong></span> <span class='ocrx_word' id='word_1_501' title='bbox 2542 5109 2614 5168; x_wconf 87' lang='lat' dir='ltr'><strong>F.</strong></span> <span class='ocrx_word' id='word_1_502' title='bbox 2643 5129 2703 5188; x_wconf 86' lang='lat' dir='ltr'><strong>p.</strong></span> <span class='ocrx_word' id='word_1_503' title='bbox 2724 5109 2847 5186; x_wconf 90' lang='grc'>546</span> 
     </span>
     <span class='ocr_line' id='line_1_116' title="bbox 1738 5191 2843 5272; baseline 0.002 -22"><span class='ocrx_word' id='word_1_504' title='bbox 1738 5191 1956 5251; x_wconf 86' lang='lat' dir='ltr'><strong>virtutis</strong></span> <span class='ocrx_word' id='word_1_505' title='bbox 1981 5191 2230 5272; x_wconf 80' lang='lat' dir='ltr'><strong>cognitio</strong></span> <span class='ocrx_word' id='word_1_506' title='bbox 2768 5207 2843 5267; x_wconf 90' lang='lat'><strong>79</strong></span> 
     </span>
    </p>
   </div>
   <div class='ocr_carea' id='block_1_19' title="bbox 1733 5271 2843 5576">
    <p class='ocr_par' dir='ltr' id='par_1_33' title="bbox 1733 5271 2843 5576">
     <span class='ocr_line' id='line_1_117' title="bbox 1740 5271 2843 5350; baseline 0.003 -21"><span class='ocrx_word' id='word_1_507' title='bbox 1740 5272 1956 5332; x_wconf 80' lang='lat' dir='ltr'><strong>virtutis</strong></span> <span class='ocrx_word' id='word_1_508' title='bbox 1981 5274 2115 5333; x_wconf 89' lang='lat' dir='ltr'><strong>idea</strong></span> <span class='ocrx_word' id='word_1_509' title='bbox 2534 5271 2657 5331; x_wconf 88' lang='lat' dir='ltr'><strong>Fic.</strong></span> <span class='ocrx_word' id='word_1_510' title='bbox 2688 5291 2743 5350; x_wconf 94' lang='lat' dir='ltr'><strong>p.</strong></span> <span class='ocrx_word' id='word_1_511' title='bbox 2774 5274 2843 5332; x_wconf 90' lang='grc'><strong>18</strong></span> 
     </span>
     <span class='ocr_line' id='line_1_118' title="bbox 1737 5353 2842 5413; baseline 0.002 -4"><span class='ocrx_word' id='word_1_512' title='bbox 1737 5353 1960 5412; x_wconf 85' lang='lat' dir='ltr'><strong>virtutis</strong></span> <span class='ocrx_word' id='word_1_513' title='bbox 1986 5372 2250 5413; x_wconf 87' lang='lat' dir='ltr'><strong>occursus</strong></span> <span class='ocrx_word' id='word_1_514' title='bbox 2768 5354 2842 5412; x_wconf 88' lang='lat'><strong>80</strong></span> 
     </span>
     <span class='ocr_line' id='line_1_119' title="bbox 1739 5433 2839 5514; baseline 0.004 -25"><span class='ocrx_word' id='word_1_515' title='bbox 1739 5433 1959 5493; x_wconf 79' lang='lat' dir='ltr'><strong>virtutis</strong></span> <span class='ocrx_word' id='word_1_516' title='bbox 1985 5436 2177 5514; x_wconf 88' lang='lat' dir='ltr'><strong>imago</strong></span> <span class='ocrx_word' id='word_1_517' title='bbox 2531 5434 2649 5494; x_wconf 84' lang='lat' dir='ltr'><strong>Fic.</strong></span> <span class='ocrx_word' id='word_1_518' title='bbox 2677 5455 2737 5513; x_wconf 93' lang='lat' dir='ltr'><strong>p.</strong></span> <span class='ocrx_word' id='word_1_519' title='bbox 2770 5451 2839 5511; x_wconf 90' lang='lat'><strong>17</strong></span> 
     </span>
     <span class='ocr_line' id='line_1_120' title="bbox 1733 5514 2841 5576; baseline 0.003 -5"><span class='ocrx_word' id='word_1_520' title='bbox 1733 5514 1954 5573; x_wconf 78' lang='lat' dir='ltr'><strong>virtutis</strong></span> <span class='ocrx_word' id='word_1_521' title='bbox 1978 5516 2157 5576; x_wconf 80' lang='lat' dir='ltr'><strong>civilis</strong></span> <span class='ocrx_word' id='word_1_522' title='bbox 2182 5517 2428 5576; x_wconf 86' lang='lat' dir='ltr'><strong>officium</strong></span> <span class='ocrx_word' id='word_1_523' title='bbox 2771 5536 2791 5574; x_wconf 88' lang='lat'>1</span> <span class='ocrx_word' id='word_1_524' title='bbox 2809 5535 2841 5574; x_wconf 90' lang='grc'>2</span> 
     </span>
    </p>
   </div>
   <div class='ocr_carea' id='block_1_20' title="bbox 1736 5596 2166 5740">
    <p class='ocr_par' dir='ltr' id='par_1_34' title="bbox 1736 5596 2166 5740">
     <span class='ocr_line' id='line_1_121' title="bbox 1736 5596 2081 5657; baseline 0.012 -4"><span class='ocrx_word' id='word_1_525' title='bbox 1736 5596 1955 5656; x_wconf 83' lang='grc' dir='ltr'>111111ῑί0</span> <span class='ocrx_word' id='word_1_526' title='bbox 1981 5597 2081 5657; x_wconf 80' lang='lat' dir='ltr'><strong>viae</strong></span> 
     </span>
     <span class='ocr_line' id='line_1_122' title="bbox 1737 5677 2166 5740; baseline 0.009 -4"><span class='ocrx_word' id='word_1_527' title='bbox 1737 5677 1957 5739; x_wconf 81' lang='lat' dir='ltr'><strong>virtutis</strong></span> <span class='ocrx_word' id='word_1_528' title='bbox 1985 5680 2166 5740; x_wconf 75' lang='lat' dir='ltr'><strong>forma</strong></span> 
     </span>
    </p>
   </div>
   <div class='ocr_carea' id='block_1_21' title="bbox 2527 5597 2841 5757">
    <p class='ocr_par' dir='ltr' id='par_1_35' title="bbox 2527 5597 2841 5757">
     <span class='ocr_line' id='line_1_123' title="bbox 2531 5597 2841 5676; baseline 0.003 -21"><span class='ocrx_word' id='word_1_529' title='bbox 2531 5597 2653 5655; x_wconf 90' lang='lat' dir='ltr'><strong>Fic.</strong></span> <span class='ocrx_word' id='word_1_530' title='bbox 2681 5618 2737 5676; x_wconf 92' lang='lat' dir='ltr'><strong>p.</strong></span> <span class='ocrx_word' id='word_1_531' title='bbox 2768 5617 2841 5656; x_wconf 89' lang='lat'><strong>20</strong></span> 
     </span>
     <span class='ocr_line' id='line_1_124' title="bbox 2527 5678 2839 5757; baseline 0.003 -21"><span class='ocrx_word' id='word_1_532' title='bbox 2527 5678 2648 5738; x_wconf 88' lang='lat' dir='ltr'><strong>Fic.</strong></span> <span class='ocrx_word' id='word_1_533' title='bbox 2679 5699 2740 5757; x_wconf 91' lang='lat' dir='ltr'><strong>p.</strong></span> <span class='ocrx_word' id='word_1_534' title='bbox 2772 5695 2839 5755; x_wconf 87' lang='lat'><strong>17</strong></span> 
     </span>
    </p>
   </div>
   <div class='ocr_carea' id='block_1_22' title="bbox 2436 5768 2671 5835">
    <p class='ocr_par' dir='ltr' id='par_1_36' title="bbox 2436 5768 2671 5835">
     <span class='ocr_line' id='line_1_125' title="bbox 2436 5768 2671 5835; baseline -0.013 0"><span class='ocrx_word' id='word_1_535' title='bbox 2436 5768 2671 5835; x_wconf 60' lang='lat'><strong>3112</strong></span> 
     </span>
    </p>
   </div>
   <div class='ocr_carea' id='block_1_23' title="bbox 2930 563 4041 1128">
    <p class='ocr_par' dir='ltr' id='par_1_37' title="bbox 2930 563 4041 1128">
     <span class='ocr_line' id='line_1_126' title="bbox 3912 563 4040 636; baseline 0.039 -5"><span class='ocrx_word' id='word_1_536' title='bbox 3912 563 4040 636; x_wconf 78' lang='lat'><strong>451</strong></span> 
     </span>
     <span class='ocr_line' id='line_1_127' title="bbox 3009 804 4039 883; baseline 0 -20"><span class='ocrx_word' id='word_1_537' title='bbox 3009 816 3112 863; x_wconf 84' lang='lat' dir='ltr'><strong>aut</strong></span> <span class='ocrx_word' id='word_1_538' title='bbox 3136 804 3400 864; x_wconf 90' lang='lat' dir='ltr'><strong>adimunt</strong></span> <span class='ocrx_word' id='word_1_539' title='bbox 3692 804 3811 864; x_wconf 68' lang='lat' dir='ltr'><strong>mc.</strong></span> <span class='ocrx_word' id='word_1_540' title='bbox 3840 825 3897 883; x_wconf 94' lang='lat' dir='ltr'><strong>p.</strong></span> <span class='ocrx_word' id='word_1_541' title='bbox 3915 823 4039 881; x_wconf 82' lang='lat'><strong>434</strong></span> 
     </span>
     <span class='ocr_line' id='line_1_128' title="bbox 2930 884 4040 966; baseline 0.001 -22"><span class='ocrx_word' id='word_1_542' title='bbox 2930 884 3192 945; x_wconf 90' lang='lat' dir='ltr'><strong>virtutem</strong></span> <span class='ocrx_word' id='word_1_543' title='bbox 3222 886 3362 945; x_wconf 92' lang='lat' dir='ltr'><strong>nulli</strong></span> <span class='ocrx_word' id='word_1_544' title='bbox 3389 886 3616 954; x_wconf 87' lang='lat' dir='ltr'><strong>servire,</strong></span> <span class='ocrx_word' id='word_1_545' title='bbox 3636 886 3924 966; x_wconf 90' lang='lat' dir='ltr'><strong>quomodo</strong></span> <span class='ocrx_word' id='word_1_546' title='bbox 3950 886 4040 945; x_wconf 92' lang='lat' dir='ltr'><strong>in-</strong></span> 
     </span>
     <span class='ocr_line' id='line_1_129' title="bbox 3015 966 4039 1047; baseline 0.001 -22"><span class='ocrx_word' id='word_1_547' title='bbox 3015 966 3383 1047; x_wconf 88' lang='lat' dir='ltr'><strong>telligendum</strong></span> <span class='ocrx_word' id='word_1_548' title='bbox 3922 985 4039 1045; x_wconf 84' lang='lat'>739</span> 
     </span>
     <span class='ocr_line' id='line_1_130' title="bbox 2930 1046 4041 1128; baseline 0.002 -22"><span class='ocrx_word' id='word_1_549' title='bbox 2930 1046 3116 1106; x_wconf 85' lang='lat' dir='ltr'><strong>vivere</strong></span> <span class='ocrx_word' id='word_1_550' title='bbox 3142 1048 3278 1126; x_wconf 91' lang='lat' dir='ltr'><strong>quid</strong></span> <span class='ocrx_word' id='word_1_551' title='bbox 3687 1049 3809 1108; x_wconf 89' lang='lat' dir='ltr'><strong>Fic.</strong></span> <span class='ocrx_word' id='word_1_552' title='bbox 3837 1069 3896 1128; x_wconf 90' lang='lat' dir='ltr'><strong>p.</strong></span> <span class='ocrx_word' id='word_1_553' title='bbox 3924 1067 3948 1108; x_wconf 86' lang='lat'>1</span> <span class='ocrx_word' id='word_1_554' title='bbox 3967 1068 4041 1127; x_wconf 91' lang='lat'><strong>19</strong></span> 
     </span>
    </p>
   </div>
   <div class='ocr_carea' id='block_1_24' title="bbox 2930 1126 4043 2832">
    <p class='ocr_par' dir='ltr' id='par_1_38' title="bbox 2930 1126 4043 2832">
     <span class='ocr_line' id='line_1_131' title="bbox 2934 1126 4035 1208; baseline 0.002 -21"><span class='ocrx_word' id='word_1_555' title='bbox 2934 1126 3138 1188; x_wconf 79' lang='lat' dir='ltr'><strong>virtute</strong></span> <span class='ocrx_word' id='word_1_556' title='bbox 3164 1128 3428 1208; x_wconf 74' lang='lat' dir='ltr'><strong>praeditus</strong></span> <span class='ocrx_word' id='word_1_557' title='bbox 3453 1128 3648 1188; x_wconf 77' lang='lat' dir='ltr'><strong>omnia</strong></span> <span class='ocrx_word' id='word_1_558' title='bbox 3673 1130 3844 1188; x_wconf 82' lang='lat' dir='ltr'><strong>habet</strong></span> <span class='ocrx_word' id='word_1_559' title='bbox 3957 1148 4035 1207; x_wconf 83' lang='lat'><strong>32</strong></span> 
     </span>
     <span class='ocr_line' id='line_1_132' title="bbox 2934 1210 4033 1289; baseline 0.002 -21"><span class='ocrx_word' id='word_1_560' title='bbox 2934 1210 3143 1270; x_wconf 86' lang='lat' dir='ltr'><strong>virtute</strong></span> <span class='ocrx_word' id='word_1_561' title='bbox 3170 1210 3397 1289; x_wconf 89' lang='lat' dir='ltr'><strong>quando</strong></span> <span class='ocrx_word' id='word_1_562' title='bbox 3423 1229 3565 1288; x_wconf 86' lang='lat' dir='ltr'><strong>opus</strong></span> <span class='ocrx_word' id='word_1_563' title='bbox 3591 1212 3668 1270; x_wconf 88' lang='lat' dir='ltr'><strong>sit</strong></span> <span class='ocrx_word' id='word_1_564' title='bbox 3923 1230 4033 1285; x_wconf 88' lang='lat'><strong>142</strong></span> 
     </span>
     <span class='ocr_line' id='line_1_133' title="bbox 2935 1290 4037 1372; baseline 0.002 -22"><span class='ocrx_word' id='word_1_565' title='bbox 2935 1290 3169 1351; x_wconf 86' lang='lat' dir='ltr'><strong>virtutes</strong></span> <span class='ocrx_word' id='word_1_566' title='bbox 3195 1290 3538 1371; x_wconf 83' lang='lat' dir='ltr'><strong>exemplaria</strong></span> <span class='ocrx_word' id='word_1_567' title='bbox 3554 1312 3658 1352; x_wconf 85' lang='lat' dir='ltr'><strong>sua</strong></span> <span class='ocrx_word' id='word_1_568' title='bbox 3676 1312 4037 1372; x_wconf 86' lang='lat' dir='ltr'><strong>consequun-</strong></span> 
     </span>
     <span class='ocr_line' id='line_1_134' title="bbox 3017 1385 3985 1433; baseline 0.001 -1"><span class='ocrx_word' id='word_1_569' title='bbox 3017 1385 3110 1432; x_wconf 90' lang='lat' dir='ltr'><strong>tur</strong></span> <span class='ocrx_word' id='word_1_570' title='bbox 3961 1393 3985 1433; x_wconf 85' lang='lat'>1</span> 
     </span>
     <span class='ocr_line' id='line_1_135' title="bbox 2934 1390 4036 1534; baseline 0.005 -24"><span class='ocrx_word' id='word_1_571' title='bbox 2934 1451 3165 1513; x_wconf 85' lang='lat' dir='ltr'><strong>virtutes</strong></span> <span class='ocrx_word' id='word_1_572' title='bbox 3201 1452 3274 1512; x_wconf 91' lang='lat' dir='ltr'><strong>ad</strong></span> <span class='ocrx_word' id='word_1_573' title='bbox 3310 1451 3664 1513; x_wconf 88' lang='lat' dir='ltr'><strong>intellectum</strong></span> <span class='ocrx_word' id='word_1_574' title='bbox 3692 1474 3862 1534; x_wconf 86' lang='lat' dir='ltr'><strong>quam</strong></span> <span class='ocrx_word' id='word_1_575' title='bbox 3891 1390 4036 1514; x_wconf 65' lang='lat' dir='ltr'><strong>telas-</strong></span> 
     </span>
     <span class='ocr_line' id='line_1_136' title="bbox 3013 1533 4031 1595; baseline 0.002 -2"><span class='ocrx_word' id='word_1_576' title='bbox 3013 1533 3230 1594; x_wconf 88' lang='lat' dir='ltr'><strong>tionem</strong></span> <span class='ocrx_word' id='word_1_577' title='bbox 3262 1534 3510 1594; x_wconf 86' lang='lat' dir='ltr'><strong>babeant</strong></span> <span class='ocrx_word' id='word_1_578' title='bbox 3919 1537 3989 1595; x_wconf 88' lang='lat'><strong>61</strong></span> <span class='ocrx_word' id='word_1_579' title='bbox 4008 1555 4031 1595; x_wconf 86' lang='lat'>1</span> 
     </span>
     <span class='ocr_line' id='line_1_137' title="bbox 2934 1614 3902 1676; baseline 0 -1"><span class='ocrx_word' id='word_1_580' title='bbox 2934 1614 3171 1675; x_wconf 84' lang='lat' dir='ltr'><strong>virtutes</strong></span> <span class='ocrx_word' id='word_1_581' title='bbox 3211 1615 3270 1674; x_wconf 91' lang='lat' dir='ltr'><strong>in</strong></span> <span class='ocrx_word' id='word_1_582' title='bbox 3312 1616 3444 1676; x_wconf 91' lang='lat' dir='ltr'><strong>Deo</strong></span> <span class='ocrx_word' id='word_1_583' title='bbox 3484 1636 3586 1676; x_wconf 89' lang='grc'>0111</span> <span class='ocrx_word' id='word_1_584' title='bbox 3626 1635 3745 1675; x_wconf 88' lang='grc'>11011</span> <span class='ocrx_word' id='word_1_585' title='bbox 3786 1616 3902 1675; x_wconf 88' lang='grc'>01111</span> 
     </span>
     <span class='ocr_line' id='line_1_138' title="bbox 3732 1697 4038 1779; baseline 0 -21"><span class='ocrx_word' id='word_1_586' title='bbox 3732 1697 3855 1758; x_wconf 89' lang='lat' dir='ltr'><strong>Fic.</strong></span> <span class='ocrx_word' id='word_1_587' title='bbox 3881 1718 3938 1779; x_wconf 89' lang='lat' dir='ltr'><strong>p.</strong></span> <span class='ocrx_word' id='word_1_588' title='bbox 3969 1715 4038 1773; x_wconf 89' lang='grc'><strong>17</strong></span> 
     </span>
     <span class='ocr_line' id='line_1_139' title="bbox 2930 1776 4042 1920; baseline 0.003 -84"><span class='ocrx_word' id='word_1_589' title='bbox 2930 1779 3167 1838; x_wconf 88' lang='lat' dir='ltr'><strong>virtutes</strong></span> <span class='ocrx_word' id='word_1_590' title='bbox 3208 1776 3331 1838; x_wconf 88' lang='lat' dir='ltr'><strong>sine</strong></span> <span class='ocrx_word' id='word_1_591' title='bbox 3375 1780 3656 1859; x_wconf 85' lang='lat' dir='ltr'><strong>sapientia</strong></span> <span class='ocrx_word' id='word_1_592' title='bbox 3696 1778 4042 1920; x_wconf 40' lang='lat' dir='ltr'><strong>imssperfectzg</strong></span> 
     </span>
     <span class='ocr_line' id='line_1_140' title="bbox 3778 1880 3939 1920; baseline 0.012 -2"><span class='ocrx_word' id='word_1_593' title='bbox 3778 1880 3851 1920; x_wconf 89' lang='grc'><strong>10.</strong></span> <span class='ocrx_word' id='word_1_594' title='bbox 3924 1903 3939 1920; x_wconf 91' lang='grc'><strong>.</strong></span> 
     </span>
     <span class='ocr_line' id='line_1_141' title="bbox 2931 1880 4040 2021; baseline 0.002 -22"><span class='ocrx_word' id='word_1_595' title='bbox 2931 1939 3167 2001; x_wconf 87' lang='lat' dir='ltr'><strong>virtutes</strong></span> <span class='ocrx_word' id='word_1_596' title='bbox 3192 1940 3250 2000; x_wconf 90' lang='lat' dir='ltr'><strong>in</strong></span> <span class='ocrx_word' id='word_1_597' title='bbox 3278 1939 3572 2000; x_wconf 88' lang='lat' dir='ltr'><strong>intellectu</strong></span> <span class='ocrx_word' id='word_1_598' title='bbox 3597 1882 3937 2021; x_wconf 57' lang='lat' dir='ltr'><strong>exemplaria</strong></span> <span class='ocrx_word' id='word_1_599' title='bbox 3964 1880 4040 2001; x_wconf 58' lang='lat' dir='ltr'><strong>is</strong></span> 
     </span>
     <span class='ocr_line' id='line_1_142' title="bbox 2930 2021 4036 2099; baseline 0.003 -19"><span class='ocrx_word' id='word_1_600' title='bbox 2930 2023 3170 2081; x_wconf 88' lang='lat' dir='ltr'><strong>virtutes</strong></span> <span class='ocrx_word' id='word_1_601' title='bbox 3195 2021 3436 2081; x_wconf 88' lang='lat' dir='ltr'><strong>morales</strong></span> <span class='ocrx_word' id='word_1_602' title='bbox 4002 2039 4036 2099; x_wconf 92' lang='grc'>5</span> 
     </span>
     <span class='ocr_line' id='line_1_143' title="bbox 2934 2101 4043 2171; baseline 0.002 -9"><span class='ocrx_word' id='word_1_603' title='bbox 2934 2102 3167 2162; x_wconf 87' lang='lat' dir='ltr'><strong>virtutes</strong></span> <span class='ocrx_word' id='word_1_604' title='bbox 3194 2123 3228 2162; x_wconf 89' lang='lat' dir='ltr'><strong>a</strong></span> <span class='ocrx_word' id='word_1_605' title='bbox 3246 2104 3377 2163; x_wconf 88' lang='lat' dir='ltr'><strong>Deo</strong></span> <span class='ocrx_word' id='word_1_606' title='bbox 3406 2115 3471 2162; x_wconf 90' lang='lat' dir='ltr'><strong>ut</strong></span> <span class='ocrx_word' id='word_1_607' title='bbox 3495 2101 3629 2171; x_wconf 88' lang='lat' dir='ltr'><strong>sint,</strong></span> <span class='ocrx_word' id='word_1_608' title='bbox 3651 2102 4043 2164; x_wconf 87' lang='lat' dir='ltr'><strong>similitudini-</strong></span> 
     </span>
     <span class='ocr_line' id='line_1_144' title="bbox 3018 2183 4039 2264; baseline 0.001 -21"><span class='ocrx_word' id='word_1_609' title='bbox 3018 2186 3123 2243; x_wconf 91' lang='lat' dir='ltr'><strong>bus</strong></span> <span class='ocrx_word' id='word_1_610' title='bbox 3152 2184 3465 2244; x_wconf 84' lang='lat' dir='ltr'><strong>declaratur</strong></span> <span class='ocrx_word' id='word_1_611' title='bbox 3584 2205 3590 2212; x_wconf 92' lang='lat'><strong>·</strong></span> <span class='ocrx_word' id='word_1_612' title='bbox 3732 2183 3853 2244; x_wconf 90' lang='lat' dir='ltr'><strong>Fic.</strong></span> <span class='ocrx_word' id='word_1_613' title='bbox 3881 2206 3937 2264; x_wconf 90' lang='lat' dir='ltr'><strong>p.</strong></span> <span class='ocrx_word' id='word_1_614' title='bbox 3972 2201 4039 2261; x_wconf 81' lang='lat'>17</span> 
     </span>
     <span class='ocr_line' id='line_1_145' title="bbox 2935 2263 4043 2345; baseline 0.003 -22"><span class='ocrx_word' id='word_1_615' title='bbox 2935 2263 3170 2325; x_wconf 86' lang='lat' dir='ltr'><strong>virtutes</strong></span> <span class='ocrx_word' id='word_1_616' title='bbox 3223 2265 3412 2325; x_wconf 89' lang='lat' dir='ltr'><strong>sintne</strong></span> <span class='ocrx_word' id='word_1_617' title='bbox 3461 2264 3521 2323; x_wconf 92' lang='lat' dir='ltr'><strong>in</strong></span> <span class='ocrx_word' id='word_1_618' title='bbox 3568 2266 3699 2325; x_wconf 87' lang='lat' dir='ltr'><strong>Deo</strong></span> <span class='ocrx_word' id='word_1_619' title='bbox 3745 2265 4043 2345; x_wconf 85' lang='lat' dir='ltr'><strong>superioris</strong></span> 
     </span>
     <span class='ocr_line' id='line_1_146' title="bbox 3017 2344 4041 2426; baseline 0.001 -21"><span class='ocrx_word' id='word_1_620' title='bbox 3017 2345 3245 2426; x_wconf 86' lang='lat' dir='ltr'><strong>speciei,</strong></span> <span class='ocrx_word' id='word_1_621' title='bbox 3274 2366 3444 2424; x_wconf 89' lang='lat' dir='ltr'><strong>quam</strong></span> <span class='ocrx_word' id='word_1_622' title='bbox 3473 2345 3530 2404; x_wconf 90' lang='lat' dir='ltr'><strong>in</strong></span> <span class='ocrx_word' id='word_1_623' title='bbox 3560 2344 3792 2406; x_wconf 85' lang='lat' dir='ltr'><strong>homine</strong></span> <span class='ocrx_word' id='word_1_624' title='bbox 3962 2346 4041 2406; x_wconf 89' lang='lat' dir='ltr'><strong>ib.</strong></span> 
     </span>
     <span class='ocr_line' id='line_1_147' title="bbox 2933 2426 4036 2507; baseline 0 -22"><span class='ocrx_word' id='word_1_625' title='bbox 2933 2426 3169 2488; x_wconf 60' lang='lat' dir='ltr'><strong>virtutes</strong></span> <span class='ocrx_word' id='word_1_626' title='bbox 3196 2428 3460 2507; x_wconf 61' lang='lat' dir='ltr'><strong>perfectae</strong></span> <span class='ocrx_word' id='word_1_627' title='bbox 3488 2441 3622 2487; x_wconf 89' lang='lat' dir='ltr'><strong>sunt</strong></span> <span class='ocrx_word' id='word_1_628' title='bbox 3971 2446 4036 2503; x_wconf 91' lang='grc'><strong>13</strong></span> 
     </span>
     <span class='ocr_line' id='line_1_148' title="bbox 2935 2509 4039 2569; baseline 0.001 -1"><span class='ocrx_word' id='word_1_629' title='bbox 2935 2510 3171 2569; x_wconf 87' lang='lat' dir='ltr'><strong>virtutes</strong></span> <span class='ocrx_word' id='word_1_630' title='bbox 3200 2509 3499 2569; x_wconf 87' lang='lat' dir='ltr'><strong>rationales</strong></span> <span class='ocrx_word' id='word_1_631' title='bbox 3966 2528 4039 2569; x_wconf 88' lang='grc'><strong>22</strong></span> 
     </span>
     <span class='ocr_line' id='line_1_149' title="bbox 2934 2589 4040 2669; baseline 0.001 -20"><span class='ocrx_word' id='word_1_632' title='bbox 2934 2589 3191 2657; x_wconf 83' lang='grc'>111111100,</span> <span class='ocrx_word' id='word_1_633' title='bbox 3214 2611 3343 2669; x_wconf 76' lang='lat' dir='ltr'><strong>quae</strong></span> <span class='ocrx_word' id='word_1_634' title='bbox 3369 2590 3427 2649; x_wconf 91' lang='lat' dir='ltr'><strong>in</strong></span> <span class='ocrx_word' id='word_1_635' title='bbox 3450 2591 3638 2650; x_wconf 89' lang='lat' dir='ltr'><strong>Deum</strong></span> <span class='ocrx_word' id='word_1_636' title='bbox 3666 2590 3871 2650; x_wconf 90' lang='lat' dir='ltr'><strong>cadere</strong></span> <span class='ocrx_word' id='word_1_637' title='bbox 3896 2611 4040 2669; x_wconf 83' lang='lat' dir='ltr'><strong>prae·</strong></span> 
     </span>
     <span class='ocr_line' id='line_1_150' title="bbox 3017 2671 4039 2751; baseline -0.003 -19"><span class='ocrx_word' id='word_1_638' title='bbox 3017 2671 3185 2751; x_wconf 87' lang='lat' dir='ltr'><strong>cipue</strong></span> <span class='ocrx_word' id='word_1_639' title='bbox 3213 2671 3471 2731; x_wconf 86' lang='lat' dir='ltr'><strong>videntur</strong></span> <span class='ocrx_word' id='word_1_640' title='bbox 3735 2671 3852 2731; x_wconf 87' lang='lat' dir='ltr'><strong>Fic.</strong></span> <span class='ocrx_word' id='word_1_641' title='bbox 3880 2692 3938 2751; x_wconf 90' lang='lat' dir='ltr'><strong>p.</strong></span> <span class='ocrx_word' id='word_1_642' title='bbox 3970 2689 4039 2747; x_wconf 92' lang='lat'><strong>17</strong></span> 
     </span>
     <span class='ocr_line' id='line_1_151' title="bbox 2935 2750 4042 2832; baseline 0 -20"><span class='ocrx_word' id='word_1_643' title='bbox 2935 2750 3170 2812; x_wconf 80' lang='lat' dir='ltr'><strong>virtutes</strong></span> <span class='ocrx_word' id='word_1_644' title='bbox 3197 2752 3481 2813; x_wconf 85' lang='lat' dir='ltr'><strong>naturales</strong></span> <span class='ocrx_word' id='word_1_645' title='bbox 3506 2753 3794 2832; x_wconf 90' lang='lat' dir='ltr'><strong>quomodo</strong></span> <span class='ocrx_word' id='word_1_646' title='bbox 3821 2754 4042 2832; x_wconf 88' lang='lat' dir='ltr'><strong>perfici-</strong></span> 
     </span>
    </p>
   </div>
   <div class='ocr_carea' id='block_1_25' title="bbox 2935 2846 4128 3401">
    <p class='ocr_par' dir='ltr' id='par_1_39' title="bbox 2935 2846 4128 3401">
     <span class='ocr_line' id='line_1_152' title="bbox 3018 2846 4039 2893; baseline 0 0"><span class='ocrx_word' id='word_1_647' title='bbox 3018 2846 3189 2893; x_wconf 87' lang='lat' dir='ltr'><strong>antur</strong></span> <span class='ocrx_word' id='word_1_648' title='bbox 3967 2853 4039 2893; x_wconf 88' lang='grc'><strong>22</strong></span> 
     </span>
     <span class='ocr_line' id='line_1_153' title="bbox 2937 2914 4044 2996; baseline 0.003 -24"><span class='ocrx_word' id='word_1_649' title='bbox 2937 2916 3171 2976; x_wconf 84' lang='grc'>111111100</span> <span class='ocrx_word' id='word_1_650' title='bbox 3196 2915 3257 2975; x_wconf 90' lang='grc'><strong>111</strong></span> <span class='ocrx_word' id='word_1_651' title='bbox 3283 2914 3659 2996; x_wconf 81' lang='lat' dir='ltr'><strong>intelligentia</strong></span> <span class='ocrx_word' id='word_1_652' title='bbox 3684 2935 3809 2994; x_wconf 78' lang='lat' dir='ltr'><strong>quae</strong></span> <span class='ocrx_word' id='word_1_653' title='bbox 4002 2917 4044 2975; x_wconf 90' lang='lat'><strong>6</strong></span> 
     </span>
     <span class='ocr_line' id='line_1_154' title="bbox 2935 2995 4128 3076; baseline 0 -21"><span class='ocrx_word' id='word_1_654' title='bbox 2935 2995 3171 3057; x_wconf 89' lang='lat' dir='ltr'><strong>virtutes</strong></span> <span class='ocrx_word' id='word_1_655' title='bbox 3197 2997 3485 3076; x_wconf 90' lang='lat' dir='ltr'><strong>quomodo</strong></span> <span class='ocrx_word' id='word_1_656' title='bbox 3510 2998 3848 3076; x_wconf 81' lang='lat' dir='ltr'><strong>contingant</strong></span> <span class='ocrx_word' id='word_1_657' title='bbox 3929 3016 4034 3073; x_wconf 82' lang='lat'><strong>141</strong></span> <span class='ocrx_word' id='word_1_658' title='bbox 4123 3029 4128 3033; x_wconf 94' lang='lat'>·</span> 
     </span>
     <span class='ocr_line' id='line_1_155' title="bbox 2936 3076 4038 3157; baseline 0.001 -21"><span class='ocrx_word' id='word_1_659' title='bbox 2936 3076 3174 3138; x_wconf 90' lang='lat' dir='ltr'><strong>virtutes</strong></span> <span class='ocrx_word' id='word_1_660' title='bbox 3200 3078 3441 3154; x_wconf 88' lang='lat' dir='ltr'><strong>majores</strong></span> <span class='ocrx_word' id='word_1_661' title='bbox 3467 3091 3527 3137; x_wconf 89' lang='grc'><strong>01</strong></span> <span class='ocrx_word' id='word_1_662' title='bbox 3555 3078 3802 3138; x_wconf 86' lang='grc'>1111110100</span> <span class='ocrx_word' id='word_1_663' title='bbox 3974 3095 4038 3157; x_wconf 92' lang='grc'><strong>15</strong></span> 
     </span>
     <span class='ocr_line' id='line_1_156' title="bbox 2940 3158 4038 3240; baseline 0.002 -24"><span class='ocrx_word' id='word_1_664' title='bbox 2940 3158 3172 3220; x_wconf 87' lang='lat' dir='ltr'><strong>virtutes</strong></span> <span class='ocrx_word' id='word_1_665' title='bbox 3198 3179 3323 3219; x_wconf 87' lang='lat' dir='ltr'><strong>esse</strong></span> <span class='ocrx_word' id='word_1_666' title='bbox 3348 3159 3764 3240; x_wconf 89' lang='lat' dir='ltr'><strong>purificationes</strong></span> <span class='ocrx_word' id='word_1_667' title='bbox 3971 3178 4038 3236; x_wconf 88' lang='grc'><strong>13</strong></span> 
     </span>
     <span class='ocr_line' id='line_1_157' title="bbox 2938 3239 4038 3301; baseline 0.004 -4"><span class='ocrx_word' id='word_1_668' title='bbox 2938 3239 3170 3301; x_wconf 86' lang='lat' dir='ltr'><strong>virtutes</strong></span> <span class='ocrx_word' id='word_1_669' title='bbox 3198 3240 3389 3301; x_wconf 83' lang='lat' dir='ltr'><strong>civiles</strong></span> <span class='ocrx_word' id='word_1_670' title='bbox 3415 3261 3693 3301; x_wconf 78' lang='lat' dir='ltr'><strong>mensurae</strong></span> <span class='ocrx_word' id='word_1_671' title='bbox 3718 3253 3853 3300; x_wconf 89' lang='lat' dir='ltr'><strong>sunt</strong></span> <span class='ocrx_word' id='word_1_672' title='bbox 3959 3241 4038 3301; x_wconf 88' lang='lat' dir='ltr'><strong>ib.</strong></span> 
     </span>
     <span class='ocr_line' id='line_1_158' title="bbox 2937 3322 4037 3401; baseline -0.002 -18"><span class='ocrx_word' id='word_1_673' title='bbox 2937 3323 3170 3383; x_wconf 88' lang='lat' dir='ltr'><strong>virtutes</strong></span> <span class='ocrx_word' id='word_1_674' title='bbox 3201 3322 3258 3382; x_wconf 92' lang='lat' dir='ltr'><strong>in</strong></span> <span class='ocrx_word' id='word_1_675' title='bbox 3288 3323 3478 3382; x_wconf 89' lang='lat' dir='ltr'><strong>anima</strong></span> <span class='ocrx_word' id='word_1_676' title='bbox 3503 3336 3639 3382; x_wconf 88' lang='lat' dir='ltr'><strong>sunt</strong></span> <span class='ocrx_word' id='word_1_677' title='bbox 3969 3336 4037 3401; x_wconf 85' lang='grc'><strong>15</strong></span> 
     </span>
    </p>
   </div>
   <div class='ocr_carea' id='block_1_26' title="bbox 2926 3403 4042 5758">
    <p class='ocr_par' dir='ltr' id='par_1_40' title="bbox 2936 3403 4042 3722">
     <span class='ocr_line' id='line_1_159' title="bbox 2939 3403 4040 3481; baseline 0 -19"><span class='ocrx_word' id='word_1_678' title='bbox 2939 3403 3204 3464; x_wconf 87' lang='lat' dir='ltr'><strong>virtutum</strong></span> <span class='ocrx_word' id='word_1_679' title='bbox 3233 3404 3500 3463; x_wconf 89' lang='lat' dir='ltr'><strong>decorum</strong></span> <span class='ocrx_word' id='word_1_680' title='bbox 3961 3421 4040 3481; x_wconf 89' lang='grc'><strong>54</strong></span> 
     </span>
     <span class='ocr_line' id='line_1_160' title="bbox 2937 3483 4038 3564; baseline 0.001 -23"><span class='ocrx_word' id='word_1_681' title='bbox 2937 3484 3210 3544; x_wconf 88' lang='lat' dir='ltr'><strong>virtutum</strong></span> <span class='ocrx_word' id='word_1_682' title='bbox 3238 3483 3567 3563; x_wconf 88' lang='lat' dir='ltr'><strong>specialium</strong></span> <span class='ocrx_word' id='word_1_683' title='bbox 3594 3484 3754 3564; x_wconf 90' lang='lat' dir='ltr'><strong>origo</strong></span> <span class='ocrx_word' id='word_1_684' title='bbox 3768 3486 3905 3563; x_wconf 91' lang='lat' dir='ltr'><strong>F.p.</strong></span> <span class='ocrx_word' id='word_1_685' title='bbox 3922 3503 4038 3561; x_wconf 87' lang='grc'><strong>234</strong></span> 
     </span>
     <span class='ocr_line' id='line_1_161' title="bbox 2936 3564 4042 3646; baseline 0.001 -22"><span class='ocrx_word' id='word_1_686' title='bbox 2936 3568 3208 3624; x_wconf 87' lang='lat' dir='ltr'><strong>virtutum</strong></span> <span class='ocrx_word' id='word_1_687' title='bbox 3242 3564 3644 3644; x_wconf 82' lang='lat' dir='ltr'><strong>exemplarium</strong></span> <span class='ocrx_word' id='word_1_688' title='bbox 3686 3585 3895 3646; x_wconf 86' lang='lat' dir='ltr'><strong>genera</strong></span> <span class='ocrx_word' id='word_1_689' title='bbox 3934 3566 4042 3625; x_wconf 81' lang='lat' dir='ltr'><strong>tria</strong></span> 
     </span>
     <span class='ocr_line' id='line_1_162' title="bbox 3725 3646 4033 3722; baseline -0.006 -17"><span class='ocrx_word' id='word_1_690' title='bbox 3725 3646 3851 3705; x_wconf 88' lang='lat' dir='ltr'><strong>Fic.</strong></span> <span class='ocrx_word' id='word_1_691' title='bbox 3881 3667 3920 3722; x_wconf 92' lang='lat' dir='ltr'><strong>p</strong></span> <span class='ocrx_word' id='word_1_692' title='bbox 3957 3665 4033 3704; x_wconf 93' lang='grc'>20</span> 
     </span>
    </p>

    <p class='ocr_par' dir='ltr' id='par_1_41' title="bbox 2926 3725 4038 5758">
     <span class='ocr_line' id='line_1_163' title="bbox 2930 3725 3937 3787; baseline 0.002 -2"><span class='ocrx_word' id='word_1_693' title='bbox 2930 3725 3200 3786; x_wconf 87' lang='lat' dir='ltr'><strong>virtutum</strong></span> <span class='ocrx_word' id='word_1_694' title='bbox 3243 3727 3501 3786; x_wconf 87' lang='lat' dir='ltr'><strong>omnium</strong></span> <span class='ocrx_word' id='word_1_695' title='bbox 3542 3726 3669 3786; x_wconf 84' lang='lat' dir='ltr'><strong>finis</strong></span> <span class='ocrx_word' id='word_1_696' title='bbox 3709 3726 3768 3786; x_wconf 92' lang='lat' dir='ltr'><strong>in</strong></span> <span class='ocrx_word' id='word_1_697' title='bbox 3808 3726 3937 3787; x_wconf 90' lang='lat' dir='ltr'><strong>Deo</strong></span> 
     </span>
     <span class='ocr_line' id='line_1_164' title="bbox 3727 3808 4030 3888; baseline 0 -21"><span class='ocrx_word' id='word_1_698' title='bbox 3727 3808 3846 3868; x_wconf 85' lang='lat' dir='ltr'><strong>Fic.</strong></span> <span class='ocrx_word' id='word_1_699' title='bbox 3875 3829 3933 3888; x_wconf 91' lang='lat' dir='ltr'><strong>p.</strong></span> <span class='ocrx_word' id='word_1_700' title='bbox 3960 3827 3991 3867; x_wconf 87' lang='lat'>2</span> <span class='ocrx_word' id='word_1_701' title='bbox 4007 3828 4030 3867; x_wconf 88' lang='lat'>1</span> 
     </span>
     <span class='ocr_line' id='line_1_165' title="bbox 2933 3888 4038 3968; baseline 0 -19"><span class='ocrx_word' id='word_1_702' title='bbox 2933 3888 3019 3949; x_wconf 91' lang='lat' dir='ltr'><strong>vis</strong></span> <span class='ocrx_word' id='word_1_703' title='bbox 3071 3888 3338 3968; x_wconf 86' lang='lat' dir='ltr'><strong>vegetalis</strong></span> <span class='ocrx_word' id='word_1_704' title='bbox 3395 3888 3719 3948; x_wconf 87' lang='lat' dir='ltr'><strong>communis</strong></span> <span class='ocrx_word' id='word_1_705' title='bbox 3772 3889 4038 3949; x_wconf 89' lang='lat' dir='ltr'><strong>omnibus</strong></span> 
     </span>
     <span class='ocr_line' id='line_1_166' title="bbox 3013 3969 4031 4050; baseline 0.001 -20"><span class='ocrx_word' id='word_1_706' title='bbox 3013 3969 3355 4030; x_wconf 90' lang='lat' dir='ltr'><strong>animalibus</strong></span> <span class='ocrx_word' id='word_1_707' title='bbox 3382 3972 3577 4031; x_wconf 86' lang='lat' dir='ltr'><strong>subest</strong></span> <span class='ocrx_word' id='word_1_708' title='bbox 3687 3971 3808 4031; x_wconf 89' lang='lat' dir='ltr'><strong>Fic.</strong></span> <span class='ocrx_word' id='word_1_709' title='bbox 3835 3991 3893 4050; x_wconf 90' lang='lat' dir='ltr'><strong>p.</strong></span> <span class='ocrx_word' id='word_1_710' title='bbox 3915 3973 4031 4048; x_wconf 91' lang='grc'><strong>683</strong></span> 
     </span>
     <span class='ocr_line' id='line_1_167' title="bbox 2931 4050 4031 4130; baseline 0.001 -19"><span class='ocrx_word' id='word_1_711' title='bbox 2931 4051 3071 4111; x_wconf 90' lang='grc'>11010</span> <span class='ocrx_word' id='word_1_712' title='bbox 3100 4072 3171 4111; x_wconf 92' lang='lat' dir='ltr'><strong>an</strong></span> <span class='ocrx_word' id='word_1_713' title='bbox 3203 4053 3297 4122; x_wconf 87' lang='lat' dir='ltr'><strong>sit,</strong></span> <span class='ocrx_word' id='word_1_714' title='bbox 3320 4051 3414 4112; x_wconf 90' lang='lat' dir='ltr'><strong>ubi</strong></span> <span class='ocrx_word' id='word_1_715' title='bbox 3442 4073 3530 4112; x_wconf 89' lang='lat' dir='ltr'><strong>res</strong></span> <span class='ocrx_word' id='word_1_716' title='bbox 3556 4050 3674 4112; x_wconf 89' lang='lat' dir='ltr'><strong>visa</strong></span> <span class='ocrx_word' id='word_1_717' title='bbox 3917 4070 4031 4130; x_wconf 88' lang='grc'><strong>553</strong></span> 
     </span>
     <span class='ocr_line' id='line_1_168' title="bbox 2932 4133 4031 4214; baseline 0 -21"><span class='ocrx_word' id='word_1_718' title='bbox 2932 4133 3072 4193; x_wconf 86' lang='lat' dir='ltr'><strong>visio</strong></span> <span class='ocrx_word' id='word_1_719' title='bbox 3100 4135 3278 4195; x_wconf 88' lang='lat' dir='ltr'><strong>tribus</strong></span> <span class='ocrx_word' id='word_1_720' title='bbox 3306 4133 3489 4194; x_wconf 90' lang='lat' dir='ltr'><strong>modis</strong></span> <span class='ocrx_word' id='word_1_721' title='bbox 3516 4133 3633 4193; x_wconf 88' lang='lat' dir='ltr'><strong>fieri</strong></span> <span class='ocrx_word' id='word_1_722' title='bbox 3660 4146 3850 4214; x_wconf 82' lang='lat' dir='ltr'><strong>potest</strong></span> <span class='ocrx_word' id='word_1_723' title='bbox 3914 4154 4031 4209; x_wconf 87' lang='lat'><strong>442</strong></span> 
     </span>
     <span class='ocr_line' id='line_1_169' title="bbox 2932 4215 4032 4294; baseline -0.001 -20"><span class='ocrx_word' id='word_1_724' title='bbox 2932 4215 3070 4275; x_wconf 86' lang='lat' dir='ltr'><strong>visio</strong></span> <span class='ocrx_word' id='word_1_725' title='bbox 3114 4217 3286 4275; x_wconf 88' lang='lat' dir='ltr'><strong>fiatne</strong></span> <span class='ocrx_word' id='word_1_726' title='bbox 3332 4215 3664 4285; x_wconf 88' lang='lat' dir='ltr'><strong>emittendo,</strong></span> <span class='ocrx_word' id='word_1_727' title='bbox 3707 4235 3780 4274; x_wconf 91' lang='lat' dir='ltr'><strong>an</strong></span> <span class='ocrx_word' id='word_1_728' title='bbox 3825 4215 4032 4294; x_wconf 89' lang='lat' dir='ltr'><strong>accipi·</strong></span> 
     </span>
     <span class='ocr_line' id='line_1_170' title="bbox 3012 4296 4025 4377; baseline 0.001 -22"><span class='ocrx_word' id='word_1_729' title='bbox 3012 4297 3161 4356; x_wconf 89' lang='lat' dir='ltr'><strong>endo</strong></span> <span class='ocrx_word' id='word_1_730' title='bbox 3683 4296 3803 4356; x_wconf 83' lang='lat' dir='ltr'><strong>Pie.</strong></span> <span class='ocrx_word' id='word_1_731' title='bbox 3832 4318 3889 4377; x_wconf 94' lang='lat' dir='ltr'><strong>p.</strong></span> <span class='ocrx_word' id='word_1_732' title='bbox 3914 4315 4025 4372; x_wconf 85' lang='lat'><strong>341</strong></span> 
     </span>
     <span class='ocr_line' id='line_1_171' title="bbox 2929 4376 4029 4455; baseline -0.002 -18"><span class='ocrx_word' id='word_1_733' title='bbox 2929 4376 3073 4437; x_wconf 90' lang='lat' dir='ltr'><strong>visio</strong></span> <span class='ocrx_word' id='word_1_734' title='bbox 3100 4392 3168 4437; x_wconf 89' lang='lat' dir='ltr'><strong>ut</strong></span> <span class='ocrx_word' id='word_1_735' title='bbox 3194 4381 3291 4438; x_wconf 86' lang='lat' dir='ltr'><strong>fiat</strong></span> <span class='ocrx_word' id='word_1_736' title='bbox 3915 4396 4029 4455; x_wconf 87' lang='grc'><strong>305</strong></span> 
     </span>
     <span class='ocr_line' id='line_1_172' title="bbox 2931 4456 4036 4536; baseline -0.001 -18"><span class='ocrx_word' id='word_1_737' title='bbox 2931 4458 3158 4518; x_wconf 82' lang='lat' dir='ltr'><strong>visionis</strong></span> <span class='ocrx_word' id='word_1_738' title='bbox 3189 4459 3391 4518; x_wconf 88' lang='lat' dir='ltr'><strong>modus</strong></span> <span class='ocrx_word' id='word_1_739' title='bbox 3417 4456 3563 4536; x_wconf 86' lang='lat' dir='ltr'><strong>quis,</strong></span> <span class='ocrx_word' id='word_1_740' title='bbox 3592 4459 3679 4517; x_wconf 89' lang='lat' dir='ltr'><strong>M.</strong></span> <span class='ocrx_word' id='word_1_741' title='bbox 3699 4458 3878 4519; x_wconf 79' lang='lat' dir='ltr'><strong>Ficini</strong></span> <span class='ocrx_word' id='word_1_742' title='bbox 3907 4478 4036 4518; x_wconf 88' lang='lat' dir='ltr'><strong>sen·</strong></span> 
     </span>
     <span class='ocr_line' id='line_1_173' title="bbox 3010 4539 4028 4621; baseline 0.003 -24"><span class='ocrx_word' id='word_1_743' title='bbox 3010 4539 3191 4598; x_wconf 89' lang='lat' dir='ltr'><strong>tentia</strong></span> <span class='ocrx_word' id='word_1_744' title='bbox 3685 4541 3805 4600; x_wconf 88' lang='lat' dir='ltr'><strong>Fic.</strong></span> <span class='ocrx_word' id='word_1_745' title='bbox 3833 4562 3890 4621; x_wconf 90' lang='lat' dir='ltr'><strong>p.</strong></span> <span class='ocrx_word' id='word_1_746' title='bbox 3914 4559 4028 4617; x_wconf 83' lang='lat'><strong>341</strong></span> 
     </span>
     <span class='ocr_line' id='line_1_174' title="bbox 2928 4619 4036 4699; baseline 0.001 -19"><span class='ocrx_word' id='word_1_747' title='bbox 2928 4620 3166 4680; x_wconf 88' lang='lat' dir='ltr'><strong>visionis</strong></span> <span class='ocrx_word' id='word_1_748' title='bbox 3220 4619 3408 4699; x_wconf 84' lang='lat' dir='ltr'><strong>anguli</strong></span> <span class='ocrx_word' id='word_1_749' title='bbox 3461 4619 3707 4680; x_wconf 86' lang='lat' dir='ltr'><strong>minores</strong></span> <span class='ocrx_word' id='word_1_750' title='bbox 3759 4625 3818 4679; x_wconf 89' lang='lat' dir='ltr'><strong>in</strong></span> <span class='ocrx_word' id='word_1_751' title='bbox 3865 4641 4036 4681; x_wconf 87' lang='lat' dir='ltr'><strong>causa</strong></span> 
     </span>
     <span class='ocr_line' id='line_1_175' title="bbox 3011 4702 4036 4771; baseline 0.001 -10"><span class='ocrx_word' id='word_1_752' title='bbox 3011 4722 3127 4761; x_wconf 91' lang='lat' dir='ltr'><strong>non</strong></span> <span class='ocrx_word' id='word_1_753' title='bbox 3170 4715 3322 4771; x_wconf 89' lang='lat' dir='ltr'><strong>sunt,</strong></span> <span class='ocrx_word' id='word_1_754' title='bbox 3350 4722 3449 4760; x_wconf 91' lang='lat' dir='ltr'><strong>cur</strong></span> <span class='ocrx_word' id='word_1_755' title='bbox 3486 4702 3707 4761; x_wconf 84' lang='lat' dir='ltr'><strong>minora</strong></span> <span class='ocrx_word' id='word_1_756' title='bbox 3738 4703 4036 4762; x_wconf 87' lang='lat' dir='ltr'><strong>videantur</strong></span> 
     </span>
     <span class='ocr_line' id='line_1_176' title="bbox 3010 4795 4032 4862; baseline 0 -20"><span class='ocrx_word' id='word_1_757' title='bbox 3010 4795 3230 4843; x_wconf 88' lang='lat' dir='ltr'><strong>remota</strong></span> <span class='ocrx_word' id='word_1_758' title='bbox 3921 4803 4032 4862; x_wconf 88' lang='lat'><strong>190</strong></span> 
     </span>
     <span class='ocr_line' id='line_1_177' title="bbox 2929 4862 4034 4943; baseline 0 -20"><span class='ocrx_word' id='word_1_759' title='bbox 2929 4863 3174 4924; x_wconf 86' lang='lat' dir='ltr'><strong>visiones</strong></span> <span class='ocrx_word' id='word_1_760' title='bbox 3195 4863 3399 4923; x_wconf 78' lang='lat' dir='ltr'><strong>divinoe</strong></span> <span class='ocrx_word' id='word_1_761' title='bbox 3411 4863 3700 4943; x_wconf 90' lang='lat' dir='ltr'><strong>quomodo</strong></span> <span class='ocrx_word' id='word_1_762' title='bbox 3721 4862 4034 4924; x_wconf 89' lang='lat' dir='ltr'><strong>intellectui</strong></span> 
     </span>
     <span class='ocr_line' id='line_1_178' title="bbox 3009 4944 4028 5024; baseline 0.002 -21"><span class='ocrx_word' id='word_1_763' title='bbox 3009 4958 3070 5005; x_wconf 90' lang='lat' dir='ltr'><strong>et</strong></span> <span class='ocrx_word' id='word_1_764' title='bbox 3095 4945 3297 5004; x_wconf 77' lang='lat' dir='ltr'><strong>animoe</strong></span> <span class='ocrx_word' id='word_1_765' title='bbox 3324 4944 3720 5024; x_wconf 88' lang='lat' dir='ltr'><strong>imprimantur</strong></span> <span class='ocrx_word' id='word_1_766' title='bbox 3914 4961 4028 5021; x_wconf 89' lang='lat'><strong>727</strong></span> 
     </span>
     <span class='ocr_line' id='line_1_179' title="bbox 2930 5025 4032 5106; baseline 0.002 -22"><span class='ocrx_word' id='word_1_767' title='bbox 2930 5025 3079 5086; x_wconf 88' lang='lat' dir='ltr'><strong>visus</strong></span> <span class='ocrx_word' id='word_1_768' title='bbox 3108 5026 3243 5106; x_wconf 88' lang='lat' dir='ltr'><strong>quid</strong></span> <span class='ocrx_word' id='word_1_769' title='bbox 3682 5026 3800 5086; x_wconf 82' lang='lat' dir='ltr'><strong>Fic.</strong></span> <span class='ocrx_word' id='word_1_770' title='bbox 3833 5047 3889 5105; x_wconf 94' lang='lat' dir='ltr'><strong>p.</strong></span> <span class='ocrx_word' id='word_1_771' title='bbox 3919 5028 4032 5104; x_wconf 89' lang='lat'><strong>176</strong></span> 
     </span>
     <span class='ocr_line' id='line_1_180' title="bbox 2926 5106 4026 5187; baseline 0.001 -21"><span class='ocrx_word' id='word_1_772' title='bbox 2926 5107 3079 5166; x_wconf 87' lang='lat' dir='ltr'><strong>visus</strong></span> <span class='ocrx_word' id='word_1_773' title='bbox 3096 5107 3414 5187; x_wconf 88' lang='lat' dir='ltr'><strong>requiratne</strong></span> <span class='ocrx_word' id='word_1_774' title='bbox 3431 5127 3634 5186; x_wconf 88' lang='lat' dir='ltr'><strong>corpus</strong></span> <span class='ocrx_word' id='word_1_775' title='bbox 3651 5106 3900 5166; x_wconf 86' lang='lat' dir='ltr'><strong>medium</strong></span> <span class='ocrx_word' id='word_1_776' title='bbox 3911 5126 3993 5183; x_wconf 88' lang='lat'><strong>44</strong></span> <span class='ocrx_word' id='word_1_777' title='bbox 4005 5128 4026 5167; x_wconf 83' lang='lat'><em>1</em></span> 
     </span>
     <span class='ocr_line' id='line_1_181' title="bbox 2931 5187 4031 5268; baseline 0.001 -21"><span class='ocrx_word' id='word_1_778' title='bbox 2931 5188 3082 5248; x_wconf 85' lang='lat' dir='ltr'><strong>visus</strong></span> <span class='ocrx_word' id='word_1_779' title='bbox 3109 5210 3210 5249; x_wconf 89' lang='lat' dir='ltr'><strong>cur</strong></span> <span class='ocrx_word' id='word_1_780' title='bbox 3235 5189 3429 5248; x_wconf 87' lang='lat' dir='ltr'><strong>lumen</strong></span> <span class='ocrx_word' id='word_1_781' title='bbox 3458 5190 3702 5267; x_wconf 83' lang='lat' dir='ltr'><strong>requirat</strong></span> <span class='ocrx_word' id='word_1_782' title='bbox 3726 5187 3845 5248; x_wconf 86' lang='lat' dir='ltr'><strong>Fic.</strong></span> <span class='ocrx_word' id='word_1_783' title='bbox 3872 5210 3931 5268; x_wconf 90' lang='lat' dir='ltr'><strong>p.</strong></span> <span class='ocrx_word' id='word_1_784' title='bbox 3955 5191 4031 5248; x_wconf 92' lang='grc'><strong>80</strong></span> 
     </span>
     <span class='ocr_line' id='line_1_182' title="bbox 2928 5269 4035 5364; baseline 0.002 -35"><span class='ocrx_word' id='word_1_785' title='bbox 2928 5269 3079 5330; x_wconf 83' lang='grc'>110110</span> <span class='ocrx_word' id='word_1_786' title='bbox 3100 5271 3387 5350; x_wconf 89' lang='lat' dir='ltr'><strong>quomodo</strong></span> <span class='ocrx_word' id='word_1_787' title='bbox 3410 5272 3632 5350; x_wconf 85' lang='lat' dir='ltr'><strong>objecta</strong></span> <span class='ocrx_word' id='word_1_788' title='bbox 3650 5270 4035 5364; x_wconf 86' lang='lat' dir='ltr'><strong>apprehendat</strong></span> 
     </span>
     <span class='ocr_line' id='line_1_183' title="bbox 3680 5352 4031 5432; baseline 0 -22"><span class='ocrx_word' id='word_1_789' title='bbox 3680 5352 3801 5412; x_wconf 66' lang='lat' dir='ltr'><strong>Fue.</strong></span> <span class='ocrx_word' id='word_1_790' title='bbox 3831 5373 3887 5432; x_wconf 94' lang='lat' dir='ltr'><strong>p.</strong></span> <span class='ocrx_word' id='word_1_791' title='bbox 3913 5371 4031 5429; x_wconf 87' lang='grc'><strong>340</strong></span> 
     </span>
     <span class='ocr_line' id='line_1_184' title="bbox 2927 5431 4033 5512; baseline 0.002 -21"><span class='ocrx_word' id='word_1_792' title='bbox 2927 5434 3078 5492; x_wconf 87' lang='lat' dir='ltr'><strong>visus</strong></span> <span class='ocrx_word' id='word_1_793' title='bbox 3106 5431 3431 5511; x_wconf 71' lang='lat' dir='ltr'><strong>prestantia</strong></span> <span class='ocrx_word' id='word_1_794' title='bbox 3723 5432 3841 5492; x_wconf 87' lang='lat' dir='ltr'><strong>Fic.</strong></span> <span class='ocrx_word' id='word_1_795' title='bbox 3869 5453 3928 5512; x_wconf 91' lang='lat' dir='ltr'><strong>p.</strong></span> <span class='ocrx_word' id='word_1_796' title='bbox 3954 5437 4033 5510; x_wconf 87' lang='lat'><strong>36</strong></span> 
     </span>
     <span class='ocr_line' id='line_1_185' title="bbox 2930 5513 4032 5594; baseline 0.004 -24"><span class='ocrx_word' id='word_1_797' title='bbox 2930 5517 3083 5572; x_wconf 82' lang='lat' dir='ltr'><strong>visus</strong></span> <span class='ocrx_word' id='word_1_798' title='bbox 3110 5513 3393 5589; x_wconf 88' lang='lat' dir='ltr'><strong>objectum</strong></span> <span class='ocrx_word' id='word_1_799' title='bbox 3678 5514 3799 5574; x_wconf 87' lang='lat' dir='ltr'><strong>Fic.</strong></span> <span class='ocrx_word' id='word_1_800' title='bbox 3829 5534 3888 5594; x_wconf 92' lang='lat' dir='ltr'><strong>p.</strong></span> <span class='ocrx_word' id='word_1_801' title='bbox 3915 5534 4032 5591; x_wconf 85' lang='lat'><strong>340</strong></span> 
     </span>
     <span class='ocr_line' id='line_1_186' title="bbox 2928 5596 4035 5674; baseline 0.001 -19"><span class='ocrx_word' id='word_1_802' title='bbox 2928 5597 3000 5655; x_wconf 89' lang='lat' dir='ltr'><strong>de</strong></span> <span class='ocrx_word' id='word_1_803' title='bbox 3024 5596 3171 5654; x_wconf 87' lang='lat' dir='ltr'><strong>Visu</strong></span> <span class='ocrx_word' id='word_1_804' title='bbox 3211 5609 3324 5654; x_wconf 86' lang='lat' dir='ltr'><strong>tres</strong></span> <span class='ocrx_word' id='word_1_805' title='bbox 3364 5597 3664 5674; x_wconf 85' lang='lat' dir='ltr'><strong>opiniones</strong></span> <span class='ocrx_word' id='word_1_806' title='bbox 3703 5596 4035 5657; x_wconf 87' lang='lat' dir='ltr'><strong>refelluntur</strong></span> 
     </span>
     <span class='ocr_line' id='line_1_187' title="bbox 3009 5676 4030 5758; baseline -0.002 -22"><span class='ocrx_word' id='word_1_807' title='bbox 3009 5697 3042 5736; x_wconf 89' lang='lat' dir='ltr'><strong>a</strong></span> <span class='ocrx_word' id='word_1_808' title='bbox 3072 5676 3300 5735; x_wconf 88' lang='lat' dir='ltr'><strong>Plotino</strong></span> <span class='ocrx_word' id='word_1_809' title='bbox 3913 5699 4030 5758; x_wconf 83' lang='lat'><strong>445</strong></span> 
     </span>
    </p>
   </div>
  </div>
 </body>
</html>
