5118 6613
1344 551 1542 615 LIB.
1591 550 1732 615 111.
1783 550 2248 614 ENNEAD.
2300 548 2795 628 QUARTAE.
2843 570 2906 634 p.
2942 549 3306 636 728—736.

3932 571 4053 621 221

553 724 725 804 Λητὼ
754 723 865 803 τὴν
903 722 1109 802 Λήθην
1152 726 1422 803 δωρεῖται
1458 727 1577 785 τῶν
1621 723 1865 786 ἐνύλων.
1917 704 1922 708 ⁴
1958 723 2256 788 Ceterum
2343 747 2451 802 την
2481 719 2834 799 ἀναπολήσῃ
2862 720 3048 785 πάλιν
3077 720 3222 798 αὐτὴ
3254 721 3320 783 ἐν
3343 722 3541 800 ἑαυτῇ,
3568 721 3663 785 καὶ
3691 726 3874 788 ταῦτα
3903 726 4046 805 ξύμ·-

553 824 737 890 Plato
763 825 1056 910 pluribus
1086 822 1233 888 locis
1261 823 1342 888 de
1362 823 1516 904 λήθῃ
1543 823 1847 910 disputat,
1871 839 1944 888 ut
1972 823 2034 888 in
2069 825 2254 889 Phae-

549 927 713 992 done
755 951 809 992 c.
854 946 956 994 20.
992 950 1058 1014 p.
1096 943 1197 1010 75.
1242 928 1330 990 D.
1383 926 1488 1010 (ad
1535 948 1725 1013 quem
1770 925 1972 991 locum
2020 927 2252 992 adhibe

547 1029 1021 1117 Wyttenbachii
1069 1032 1302 1093 Annot.
1351 1051 1415 1115 p.
1455 1029 1595 1114 189.
1641 1042 1705 1093 et
1749 1028 1813 1092 in
1867 1029 2248 1093 Philomath.

551 1131 692 1195 III.
735 1154 802 1218 p.
832 1134 974 1215 92.)
1020 1130 1085 1193 in
1128 1127 1393 1193 Philebo
1434 1153 1495 1215 p.
1526 1150 1650 1215 333
1704 1130 1845 1212 (ubi
1889 1130 2018 1195 vid.
2067 1130 2250 1196 Stall-

547 1232 760 1296 baum.
805 1256 871 1321 p.
908 1252 1013 1317 95.
1055 1238 1178 1317 sq.)
1220 1231 1283 1295 in
1334 1233 1666 1318 Symposio
1709 1256 1775 1320 p.
1812 1234 1959 1300 208.
1999 1257 2060 1320 p.
2093 1235 2247 1319 438.

547 1333 750 1400 Bekk.
791 1339 1004 1421 (quem
1044 1334 1251 1398 locum
1300 1332 1637 1420 Florilegio
1678 1357 1793 1399 suo
1827 1334 2055 1422 adjecit
2103 1338 2243 1400 Sto-

543 1436 719 1502 baens
751 1436 1046 1501 LXXV.
1080 1459 1143 1523 p.
1171 1456 1277 1520 94.
1315 1435 1520 1501 Gaisf.
1553 1435 1617 1499 in
1652 1436 1857 1522 Legg.
1897 1437 1967 1500 V.
2002 1454 2148 1521 732.
2181 1459 2242 1523 p.

544 1538 695 1622 381.
746 1536 951 1601 Bekk.
1029 1537 1135 1602 Cf.
1174 1536 1361 1601 etiam
1423 1534 1815 1600 Aristotelem
1865 1536 1930 1599 in
1986 1537 2246 1624 Topicis

550 1640 702 1703 VII.
739 1658 798 1703 2.
846 1639 1034 1704 Philo
1062 1641 1109 1703 J
1115 1639 1223 1702 ud.
1258 1639 1418 1726 Leg.
1459 1637 1773 1725 Allegorr.
1824 1640 1966 1702 III.
1997 1661 2061 1725 p.
2097 1641 2241 1724 296.

543 1740 642 1806 ed.
674 1740 1233 1821 ΡΓείΗὶ-ἀμείνων
1260 1743 1372 1820 μὲν
1398 1739 1611 1820 μνήμη,
1644 1742 1865 1824 χείρων
1906 1743 1971 1804 δὲ
2014 1742 2052 1821 ἦ
2097 1741 2241 1805 ἀνά-

542 1869 772 1924 μνησις.
860 1841 942 1907 Ἥ
963 1846 1076 1922 μὲν
1104 1847 1220 1924 γὰρ
1251 1845 1535 1909 ἐναύλους
1564 1843 1692 1925 ἔχει
1724 1843 1820 1906 καὶ
1849 1846 2118 1926 ἐναργεῖς
2145 1848 2250 1912 τὰς

547 1945 929 2028 καταλήψεις,
981 1945 1059 2012 ὥς
1107 1943 1235 2024 μηδ’
1290 1947 1504 2029 ἀγνοίᾳ
1555 1950 1914 2026 διαμαρτεῖν·
1984 1945 2243 2026 ἀναμνή-

544 2073 693 2115 σεως
721 2049 786 2111 δὲ
817 2046 970 2126 λήθη
999 2046 1231 2113 πάντως
1258 2053 1622 2129 προηγεῖται,
1653 2046 1844 2128 πηρὸν
1874 2049 1971 2111 καὶ
2013 2048 2247 2130 τυφλὸν

542 2154 806 2232 πρᾶγμα.
849 2151 1261 2231 πρεσβύτερον
1292 2151 1357 2212 δὲ
1386 2148 1454 2212 τὸ
1483 2154 1690 2233 χεῖρον
1716 2150 1754 2228 ἡ
1791 2149 2119 2229 ἀνάμνησις
2147 2153 2241 2214 εὑ-

540 2253 807 2333 ρίσκεται
849 2250 1075 2331 μνήμης
1124 2253 1377 2334 συνεχὲς
1436 2251 1530 2315 καὶ
1577 2250 1955 2315 ἀδιάστατον.
2051 2254 2241 2316 Man-

539 2376 740 2440 geyus
774 2352 1057 2417 lacunam
1103 2376 1444 2440 agnoscens
1487 2352 1670 2417 scribi
1703 2352 1878 2417 vult:
1926 2358 2034 2417 τοῦ
2060 2357 2245 2435 κρείτ-

541 2480 713 2521 τονος
732 2459 772 2499 ¹*
804 2458 844 2498 ¹*
870 2459 910 2499 ¹*
934 2480 1140 2538 συνεχ.
1176 2483 1225 2519 κ.
1259 2457 1491 2519 ἀδιαστ.
1583 2457 1874 2520 Fortasse
1902 2455 2153 2542 expleas
2180 2471 2243 2521 et

541 2555 748 2643 legas:
797 2562 902 2621 τοῦ
942 2559 1271 2639 κρείττονος
1321 2560 1398 2624 ὡς
1444 2556 1570 2640 (vel
1623 2555 1760 2642 ἅτε)
1813 2562 2103 2641 συνεχοῦς
2148 2560 2242 2623 καὶ

542 2659 916 2723 ἀδιαστάτου.
994 2657 1130 2722 Nisi
1151 2658 1479 2723 malueris:
1528 2664 1634 2723 τοῦ
1663 2660 1992 2741 κρείττονος
2021 2660 2243 2742 ἔδαφος

543 2761 700 2843 (sive
752 2761 1075 2844 στήριγμα)
1124 2764 1376 2845 συνεχὲς
1418 2764 1514 2826 καὶ
1558 2761 1918 2826 ἀδιάστατον
1951 2761 2241 2844 (funduS,

539 2863 1079 2948 fundamentum).
1172 2865 1337 2927 Nam
1368 2863 1584 2951 paucis
1616 2863 1955 2951 interjectis
1983 2864 2069 2928 ita
2097 2887 2239 2952 per-

539 2964 671 3052 git:
721 2964 857 3047 παρ’
890 2964 924 3029 δ
970 2966 1065 3029 καὶ
1103 2965 1362 3043 νεωτέρα
1398 2968 1459 3046 (ἡ
1501 2965 1751 3046 μνήμη),
1797 2968 2090 3048 ὀψίγονος
2128 2965 2243 3047 γάρ

541 3071 688 3142 ἐστι,
721 3070 1074 3132 συνίσταται
1102 3072 1202 3146 τῆς
1231 3068 1637 3148 ἀναμνήσεως.

605 3193 673 3257 p.
695 3188 846 3255 730,
869 3189 963 3251 14.
981 3170 1071 3234 Τὸ
1092 3174 1240 3251 γοῦν
1264 3174 1514 3235 εἴδωλον
1533 3173 1601 3235 ἐν
1612 3169 1824 3234 Ἀιδου
1838 3167 2235 3254 Ἡρακλέους]

545 3274 752 3360 Supra
784 3274 842 3337 1.
880 3292 935 3335 1.
976 3291 1073 3337 12.
1107 3294 1171 3359 p.
1195 3291 1254 3354 7.
1287 3273 1366 3338 Β.
1402 3275 1661 3355 κωρίζειν
1690 3274 1755 3336 δὲ
1787 3272 1979 3337 ἔοικεν
2009 3274 2042 3336 ὁ
2071 3296 2238 3352 ποιη-

542 3379 643 3458 τὴς
669 3382 843 3441 τοῦτο
875 3379 972 3441 ἐπὶ
1015 3383 1120 3441 τοῦ
1146 3376 1518 3460 Ἡρακλέους
1550 3378 1618 3442 τὸ
1666 3381 1914 3442 εἴδωλον
1952 3378 2131 3442 αὐτοῦ
2160 3381 2243 3441 δι-

542 3481 675 3548 δοὺς
705 3482 772 3544 ἐν
790 3477 1021 3552 Ἀιδου,
1048 3478 1231 3543 αὐτὸν
1260 3481 1326 3543 δὲ
1356 3481 1424 3543 ἐν
1447 3484 1605 3547 θεοῖς
1634 3478 1821 3543 εἶναιε
1859 3477 1966 3542 ubi
1989 3478 2242 3543 consule

541 3597 753 3647 annot.
843 3581 955 3645 Ad
1001 3581 1170 3644 hunc
1214 3579 1444 3657 locum,
1474 3604 1662 3667 quem
1712 3594 2070 3658 tractamus,
2109 3580 2245 3645 haec

541 3683 836 3771 apposuit
867 3674 1147 3769 Taylor:
1202 3689 1241 3721 “
1272 3681 1314 3747 i.
1339 3706 1393 3748 e.
1429 3683 1536 3747 the
1579 3681 1921 3762 irrational,
1953 3683 2151 3748 which
2194 3683 2248 3746 is

543 3787 649 3850 the
678 3786 883 3872 image
905 3786 979 3849 of
1003 3785 1108 3849 the
1130 3783 1390 3849 rational
1431 3784 1592 3864 soul,
1623 3785 1677 3849 is
1705 3785 1766 3849 in
1794 3785 1900 3849 the
1928 3784 2248 3871 obscurity

541 3889 615 3953 of
656 3888 764 3953 the
817 3887 1080 3951 sensible
1134 3888 1302 3951 life.”
1392 3890 1628 3952 Recte:
1678 3903 1744 3952 at
1790 3887 1871 3951 ad
1928 3887 2249 3975 sequentia

541 3991 729 4055 etiam
774 3990 1043 4054 tenenda
1085 4005 1253 4069 sunt,
1299 4013 1445 4076 quae
1489 4012 1681 4077 supra
1728 4013 1794 4078 p.
1830 4008 1887 4073 7.
1935 3990 2010 4053 B.
2038 3992 2115 4054 C.
2156 3988 2242 4053 le-

538 4108 818 4181 guntur:
867 4094 959 4156 ὅτι
994 4091 1348 4175 (Ηρακλῆς)
1395 4091 1709 4174 πρακτικὸς
1752 4090 1887 4156 ἀλλ’
1921 4092 1990 4155 οὗ
2022 4097 2237 4173 θεωρη-

539 4199 696 4267 τικὸς
721 4199 817 4278 ἦν.
908 4200 1202 4263 Ceterum
1236 4197 1451 4262 confer
1481 4197 1695 4261 Nostri
1726 4196 1978 4261 tertium
2010 4196 2240 4274 locum,

540 4301 704 4366 infra
745 4324 814 4389 p.
861 4303 1008 4386 396.
1049 4303 1127 4365 C.
1161 4302 1249 4365 D.
1323 4299 1565 4386 Attigit
1610 4299 1745 4363 hoec
1787 4298 2237 4386 Wyttenbach.

538 4402 620 4468 ad
674 4402 996 4468 Plutarch.
1057 4403 1139 4468 de
1200 4405 1265 4469 S.
1298 4404 1489 4467 N.V.
1542 4424 1604 4488 p.
1668 4423 1772 4487 99.
1830 4425 1889 4487 p.
1934 4415 2086 4483 427.
2141 4399 2238 4463 ed.

542 4508 750 4572 Oxou.

2340 822 2512 888 παντ’
2569 822 2929 902 ἀναμνήσεις
2968 823 3062 885 καὶ
3104 820 3332 901 μνήμας
3373 848 3489 886 που
3531 822 3815 904 λέγομεν.
3911 825 4045 889 Ubi

2341 925 2470 990 vid.
2505 923 2899 990 Stallbaumii
2928 937 3164 986 annott.
3197 946 3264 1010 p.
3290 944 3391 1008 97.
3425 948 3519 1011 sq.
3611 924 3786 990 Hinc
3822 928 4046 991 ἀναπό.

2336 1035 2517 1108 λησιν
2555 1033 2778 1107 λαβεῖν
2807 1048 3000 1114 supra
3036 1050 3098 1113 p.
3137 1043 3281 1091 210.
3317 1028 3398 1090 E.
3433 1042 3497 1091 et
3537 1031 3619 1095 εἷς
3663 1030 4042 1109 ἀναπόλησιν

2338 1131 2625 1215 ἔρχεσθαι
2656 1130 2817 1193 infra
2846 1153 2912 1216 p.
2944 1145 3091 1213 455.
3128 1130 3217 1192 D.
3310 1130 3600 1216 Uterque
3629 1130 3803 1194 locus
3831 1130 3913 1195 ad
3942 1154 4040 1196 ar-

2334 1247 2707 1321 gumentum
2742 1232 2935 1296 nostri
2966 1231 3081 1294 loci
3112 1229 3583 1317 intelligendum
3611 1231 3783 1296 facit.

2419 1359 2485 1422 p.
2519 1354 2667 1420 732,
2700 1353 2760 1416 7.
2811 1332 2947 1398 ἀλλ’
2980 1335 3137 1396 ὥστε
3183 1334 3751 1414 ἀπαρακολουθήτως
3784 1337 4030 1424 παθεῖν]

2337 1438 2458 1502 Sed
2506 1438 2595 1502 ita
2640 1436 2795 1524 pati,
2838 1450 2907 1501 ut
2959 1434 3367 1522 intelligendo
3418 1436 4033 1524 (animadvertendo)

2334 1561 2455 1603 non
2488 1553 2875 1625 assequatur.
2965 1536 3236 1624 'l'aylorz
3288 1544 3332 1575 ‘⁴
3364 1536 3481 1600 but
3526 1559 3595 1600 so
3637 1560 3706 1601 as
3737 1552 3802 1601 to
3846 1538 4039 1603 suffer

2333 1640 2598 1706 without
2636 1640 2993 1728 perceiving
3030 1640 3196 1704 what
3241 1639 3289 1703 it
3330 1639 3444 1703 is.''
3507 1639 4034 1721 Ἀπαρακολούθη-

2329 1770 2435 1808 τον
2455 1744 2639 1807 etiam
2676 1743 2915 1830 passive
2944 1742 3270 1829 accipitur,
3295 1741 3341 1828 ᾧ
3365 1742 3435 1806 οὗ
3465 1744 3715 1807 δύναταί
3730 1769 3817 1811 τις
3844 1769 4035 1826 παρα-

2336 1852 2721 1925 κολουθῆσαι.
2801 1848 3027 1910 Tzetz.
3068 1845 3132 1908 in
3180 1845 3503 1931 Lycophr.
3551 1868 3614 1907 v.
3656 1864 3721 1929 5.
3776 1868 3841 1932 p.
3886 1864 4032 1931 279.

2336 1948 2652 2012 Muelleri.
2695 1947 3302 2031 Ἀπαρακολουθήτως
3332 1949 3602 2029 ἐνεργεῖν
3630 1958 3693 2010 et
3725 1948 3791 2011 εὖ
3816 1953 4030 2021 ποιεῖν,

2332 2050 2418 2115 ita
2446 2075 2656 2138 agere,
2690 2051 2775 2115 ita
2810 2051 3171 2115 benefacere
3201 2049 3520 2135 cuiquam,
3550 2048 3730 2135 quasi
3774 2048 4029 2127 nescias,

2331 2169 2443 2217 aut
2480 2177 2605 2218 non
2636 2152 3113 2228 animadverta8‚
3143 2151 3295 2238 quid
3327 2174 3501 2237 agas,
3532 2173 3604 2214 ac
3649 2149 3911 2237 proinde
3940 2165 4032 2214 te-

2332 2278 2519 2332 mere,
2575 2255 2704 2318 sine
2762 2254 3035 2331 consili0,
3082 2254 3435 2319 Casaubon.
3478 2268 3541 2317 et
3592 2252 3896 2317 Gataker.
3949 2253 4033 2316 ad

2333 2359 2538 2421 Marc.
2583 2356 2880 2421 Antonin.
2913 2380 2979 2443 p.
3010 2358 3116 2439 56.
3158 2370 3220 2419 et
3258 2377 3323 2441 p.
3364 2375 3502 2440 145.
3592 2354 3840 2433 Quibus
3884 2353 4033 2418 locis

2329 2459 2659 2524 addendus
2687 2476 2779 2523 est
2810 2458 2910 2523 hic
2943 2457 3351 2523 PlotinianuS.

2412 2601 2501 2611 —
2530 2584 2593 2646 9.
2642 2563 2790 2635 οἷον,
2827 2564 2880 2625 εἰ
2907 2559 3186 2640 ποιμένος
3215 2562 3442 2626 ἰδόντος
3471 2560 3569 2623 ἐπὶ
3596 2561 3814 2638 ποίμνῃ
3844 2559 4030 2623 λύκον

2329 2693 2382 2729 κ.
2403 2691 2454 2729 τ.
2475 2666 2573 2752 λ.]
2651 2663 3009 2727 Admonent
3066 2662 3200 2726 haec
3249 2660 3563 2748 proverbii
3620 2662 3805 2725 λύκον
3857 2660 4024 2728 εἶδες.

2330 2767 2477 2831 Vid.
2532 2766 2854 2831 Theocrit.
2905 2764 3095 2852 Idyll.
3145 2766 3337 2828 XIV.
3371 2783 3472 2828 22.
3520 2763 3583 2826 in
3625 2785 3898 2849 eumque
3936 2758 4034 2828 lo'-

2329 2892 2471 2934 cum
2509 2869 2758 2933 Scholia
2788 2891 2852 2955 p.
2880 2888 3020 2953 175.
3053 2865 3398 2944 Gaisford.,
3420 2865 3594 2952 quod
3618 2864 3869 2952 respicit
3898 2866 4043 2953 ipse*

2332 2971 2516 3037 Plato
2546 2972 2626 3035 de
2659 2973 2823 3057 Rep.
2857 2972 2916 3034 Ι.
2946 2992 3009 3056 p.
3039 2972 3190 3054 336.
3220 2991 3282 3055 p.
3313 2986 3415 3035 22.
3451 2966 3655 3032 Bekk.
3747 2968 3839 3031 Et
3866 2989 4036 3032 ama-

2333 3076 2484 3140 bant
2512 3074 2680 3138 illam
2705 3073 2984 3138 fabulam
3015 3071 3096 3136 de
3124 3094 3276 3136 cane
3305 3086 3367 3135 et
3396 3070 3570 3157 lupe,
3596 3070 3702 3134 τὸν
3730 3074 3836 3134 τοῦ
3864 3070 4034 3138 κυνὸς

2328 3180 2541 3261 λόγον,
2579 3176 2892 3241 Socratici.
2958 3174 3102 3239 vid.
3138 3174 3445 3262 Xenoph.
3484 3175 3686 3237 Mem.
3721 3174 3892 3237 Socr.
3929 3173 4035 3236 11.

2331 3299 2394 3363 7.
2451 3301 2548 3365 13.
2592 3301 2687 3362 14.
2734 3280 2817 3345 cf.
2869 3281 2967 3344 II.
3004 3300 3066 3363 9.
3101 3297 3159 3343 2.
3253 3279 3588 3365 Propterea
3638 3274 3726 3340 nil
3780 3275 4031 3354 mirum,

2328 3382 2522 3470 hujus
2551 3382 2973 3446 similitudinis
3006 3380 3252 3445 Plotino
3268 3402 3525 3466 qnoque
3548 3378 3609 3441 in
3643 3392 3911 3442 mentem
3932 3400 4036 3443 ve-

2328 3485 2511 3551 nisse.
2600 3488 2813 3571 Atque
2849 3505 3076 3547 canum
3089 3483 3244 3569 fida
3280 3482 3566 3545 custodia
3609 3480 3794 3543 etiam
3825 3480 3888 3543 in
3919 3502 4032 3544 ex·

2331 3587 2552 3676 emplis
2602 3587 2952 3651 Stoicorum
3001 3599 3381 3649 memoratur
3417 3605 3521 3669 ap.
3565 3581 3699 3646 Cic.
3731 3582 3812 3645 de
3837 3582 3922 3646 N.
3944 3582 4029 3646 D.

2338 3691 2433 3753 II.
2468 3691 2577 3774 63.
2668 3690 2871 3766 Quam
2904 3687 2966 3749 in
3001 3708 3127 3749 rem
3159 3684 3281 3749 alia
3307 3682 3488 3768 attigi
3518 3705 3713 3769 supra
3737 3681 3819 3745 ad
3840 3681 4036 3768 hujus

2336 3789 2476 3854 libri
2505 3812 2645 3876 cap.
2681 3789 2974 3852 XXIII.
3010 3810 3071 3871 p.
3098 3786 3247 3871 388.
3281 3786 3354 3848 A.
3378 3782 3491 3847 inf.
3581 3784 3744 3847 Haec
3772 3806 4038 3848 veroca-

2338 3887 2433 3950 nis
2463 3901 2674 3950 nostro
2702 3886 2764 3949 in
2798 3885 2932 3950 loco
2953 3882 3422 3971 quodammodo
3449 3881 3571 3946 dici
3594 3881 3786 3969 possit
3803 3883 4034 3948 alienis

2329 3990 2526 4053 oculis
2582 4010 2943 4074 agnoscere,
3000 3987 3093 4050 uti
3139 3985 3315 4073 apud
3367 3984 3631 4050 Plinium
3684 4000 3774 4048 est
3825 3986 3916 4050 H.
3945 3986 4029 4049 N.

2336 4092 2623 4154 XXIX.
2657 4092 2718 4154 8.
2809 4089 3042 4155 Ovium
3089 4103 3300 4152 autem
3343 4110 3599 4174 gregem
3643 4085 3907 4174 intelligi
3934 4110 4033 4151 ar-

2328 4208 2536 4279 guunt
2571 4216 2748 4256 voces
2777 4192 2994 4272 ποιμὴν
3023 4205 3085 4255 et
3131 4193 3430 4270 ποίμνιον,
3471 4213 3617 4276 quae
3660 4190 3914 4277 proprie
3952 4189 4034 4254 de

2327 4297 2550 4360 ovibus
2582 4309 2985 4382 usurpantur.
3042 4293 3184 4357 Vid.
3216 4304 3511 4357 annotata
3539 4315 3577 4355 a
3608 4315 3708 4355 me
3737 4291 3801 4354 in
3834 4293 4030 4355 Com-

2330 4410 2620 4462 mentatt.
2644 4396 2983 4462 Herodott.
3019 4420 3084 4483 p.
3120 4397 3513 4480 193.—Mox
3542 4418 3659 4482 pro
3688 4397 3835 4476 ὁρμῇ
3860 4393 4033 4459 haud

2327 4500 2614 4564 dubitavi
2660 4523 2735 4564 cx
2787 4499 2966 4563 bonis
3006 4496 3177 4562 libris
3215 4496 3488 4583 recipere
3531 4499 3700 4577 ὀδμῇ,
3730 4519 3874 4583 quae
3907 4519 4029 4560 vox

626 4632 686 4695 p.
743 4626 893 4693 731,
935 4626 1002 4692 5.
1049 4609 1086 4687 ἦ
1144 4610 1261 4688 γὰρ
1321 4606 1720 4691 ἐφελκομένη]
1803 4605 1937 4670 Fic.
2001 4611 2045 4645 “
2075 4606 2236 4668 Nam
2324 4600 2848 4666 accommodatior
2870 4616 2961 4666 est
2992 4600 3139 4664 huic
3167 4599 3324 4677 loc0,
3347 4598 3455 4663 ubi
3477 4602 3784 4685 strepitus
3805 4598 4031 4686 igitur-

540 4711 745 4775 anima
791 4709 1048 4796 quidem
1106 4731 1250 4773 cum
1313 4709 1428 4773 hac
1474 4708 1915 4773 simultracta.”
2004 4706 2242 4773 Melius

545 4813 820 4902 Taylor:
865 4821 906 4852 “
943 4814 1072 4876 For
1120 4811 1228 4876 the
1274 4811 1434 4887 soul,
1491 4810 1740 4888 indeed,
1792 4810 1989 4873 which
2039 4809 2090 4872 is
2142 4824 2238 4872 at-

545 4915 781 4980 tracted
810 4915 895 5003 by
917 4914 1144 5001 body.”
1209 4914 1356 5000 Ego
1377 4913 1438 4977 in
1467 4911 1691 4977 Medio
1721 4912 1854 4976 haec
1881 4910 2243 4998 accipienda

542 5018 900 5096 arbitratus,
931 5016 1152 5080 refinxi
1182 5015 1548 5080 versionem.
1624 5013 2025 5079 Contrarium
2074 5013 2240 5077 enim

542 5134 632 5186 est
657 5122 694 5201 ἦ
721 5119 895 5203 ψυχὴ
924 5121 1369 5199 ἀπαλλαγεῖσα.

621 5260 710 5272 -
738 5243 802 5307 9.
849 5222 945 5285 καὶ
974 5219 1013 5284 ἃ
1043 5223 1297 5284 ἐνταῦθα
1326 5220 1431 5284 οὐκ
1463 5219 1629 5304 εἶχεν
1660 5223 1728 5284 ἐν
1753 5218 1970 5299 μνήμῃ,
2005 5220 2235 5282 ἀναπο-

541 5324 761 5409 λήσει.]
823 5326 891 5387 Α
923 5321 1181 5388 Platone
1209 5321 1398 5386 habet
1431 5321 1734 5386 plotinus,
1771 5320 2018 5385 Phileb.
2050 5343 2116 5407 p.
2133 5340 2237 5404 34.

541 5447 604 5511 p.
639 5427 775 5489 180.
813 5422 1057 5488 Bekk.:
1110 5423 1204 5487 καὶ
1231 5423 1349 5502 μὴν
1380 5423 1475 5487 καὶ
1521 5424 1667 5487 ὅταν
1703 5421 2064 5487 ἀπολέσασα
2091 5420 2240 5500 μνή-

538 5553 652 5607 μην
694 5530 815 5593 εἴτε
855 5525 1209 5607 αἰσθήσεως,
1243 5524 1344 5591 εἴτ’
1386 5526 1461 5589 αὖ
1503 5522 1862 5605 μαθήματος,
1900 5523 2065 5590 αὖθις
2107 5524 2244 5587 ταύ·

2327 4728 2452 4792 qne
2501 4704 2766 4767 audi-tus
2814 4716 3217 4767 memoratur.
3309 4703 3445 4767 Nec
3492 4700 3689 4787 magis
3745 4701 4033 4766 dubitavi

2329 4806 2448 4870 sub
2497 4806 2684 4869 finem
2741 4803 2961 4892 capitis
3012 4827 3311 4893 reponere
3364 4808 3587 4869 εἰδυῖαν
3633 4825 3750 4890 pro
3804 4805 4027 4884 ἡδεῖαν,

2328 4909 2469 4974 licet
2519 4907 2660 4972 libri
2719 4909 2907 4972 nostri
2952 4908 3014 4971 in
3049 4907 3305 4994 vulgata
3349 4919 3764 4994 perseverent.
3861 4906 4029 4970 Nam

2328 5010 2482 5075 illud
2515 5025 2578 5075 et
2627 5010 3071 5074 sententiarum
3113 5032 3311 5073 nexus
3350 5007 3649 5095 postulat,
3681 5024 3745 5071 et
3784 5030 3897 5094 per
3934 5023 4027 5071 est

2329 5112 2657 5177 verisimile
2684 5113 2771 5176 ita
2794 5113 3013 5200 legisse
3045 5111 3357 5176 Ficinum.

2414 5239 2475 5304 p.
2508 5220 2660 5300 736,
2694 5234 2755 5297 7.
2802 5217 2897 5279 καὶ
2919 5222 3037 5278 τῶν
3066 5216 3149 5278 ὧν
3180 5212 3256 5277 ἂν
3288 5213 3384 5276 καὶ
3415 5214 3651 5279 ἀστεῖος
3680 5212 3785 5275 οὐκ
3813 5212 4031 5280 ἄτοπος

2325 5318 2894 5397 μνημονεύων-καὶ
2936 5318 3010 5378 τά
3057 5317 3270 5378 ἀστεῖα
3318 5319 3437 5377 τῶν
3480 5316 3687 5376 παθῶν
3729 5315 3798 5391 τῇ
3846 5337 4031 5376 σπου-

2328 5420 2464 5503 δαίᾳ
2495 5420 2608 5499 (sc.
2639 5420 2838 5500 ψυχῇ)
2873 5444 2925 5481 κ.
2947 5441 3001 5479 τ.
3021 5416 3120 5505 λ.]
3171 5415 3280 5479 Ad
3312 5414 3479 5477 hunc
3509 5431 3571 5476 et
3601 5410 3828 5475 similes
3861 5411 4028 5478 locos

2328 5520 2477 5586 facit
2505 5518 2805 5585 Lexicon.
2841 5519 3104 5584 Rhetor.
3136 5518 3199 5582 in
3227 5515 3431 5582 Bekk.
3459 5511 3742 5578 Anecdd.
3774 5514 4024 5582 Graecc.
