5118 6613
1319 541 1714 608 LIB.VI1.
1767 541 2238 606 ENNEAD.
2287 541 2682 607 SEXTAE.
2733 563 2798 629 p.
2836 558 3279 628 1327—1333.

560 737 748 803 supra
790 713 1192 779 adhibuimus
1222 715 1297 778 V.
1333 715 1389 778 8.
1431 738 1495 801 p.
1525 718 1674 802 546.
1710 717 1789 779 C.
1823 737 2013 800 quem
2046 712 2252 779 locum

559 817 772 904 inspici
804 817 1006 882 velim.

643 938 867 1006 —-·15.
930 921 1025 985 καὶ
1062 919 1351 1003 μέγιστόν
1394 929 1547 1003 φησι
1589 924 1761 984 τοῦτο
1802 919 1956 984 εἶναι
1983 917 2246 1005 μάθημα]

561 1022 744 1089 Plato
779 1021 1058 1109 Republ.
1092 1023 1212 1087 VI.
1254 1046 1318 1110 p.
1350 1042 1502 1108 505.
1534 1047 1590 1087 a.
1639 1047 1706 1109 p.
1738 1041 1889 1109 312.
1922 1021 2255 1087 Bekk.:-

556 1127 687 1191 ἐπεὶ
714 1127 806 1190 ὅτι
833 1151 906 1208 γε
932 1127 969 1206 ἡ
995 1131 1102 1190 τοῦ
1129 1127 1358 1208 ἀγαθοῦ
1379 1125 1507 1192 Ζδέα
1532 1125 1821 1209 μέγιστον
1840 1126 2081 1207 μάθημα
2099 1133 2252 1191 πολ-

559 1230 727 1297 λάκις
747 1229 1015 1309 ἀκήκοας,
1041 1227 1078 1310 ᾖ
1106 1231 1202 1293 καὶ
1229 1226 1428 1293 τᾶλλα
1453 1228 1963 1312 προσχρησάμενα
1991 1228 2254 1311 χρήσιμα

558 1333 654 1396 καὶ
682 1332 958 1415 ὠφέλιμα
986 1333 1565 1414 finxeram—Mox:
1616 1332 1959 1396 διδάσκουσι
1995 1335 2107 1412 μὲν
2147 1334 2254 1396 οὖν

558 1437 892 1518 ἆναλογίαι.
970 1435 1366 1521 Inspicienda
1394 1451 1565 1514 sunt,
1597 1458 1741 1521 quae
1772 1458 1963 1522 supra
1992 1434 2254 1522 scriptor

558 1554 765 1605 noster
794 1537 874 1603 de
900 1540 1196 1624 ἆναλογίᾳ
1221 1537 1284 1601 in
1319 1537 1606 1602 universo
1634 1559 1844 1602 rerum
1879 1536 2097 1602 ordine
2126 1537 2251 1602 dis-

559 1658 776 1729 putat:
833 1643 973 1707 111.
1004 1662 1065 1729 3.
1097 1644 1160 1706 6.
1210 1665 1273 1727 p.
1308 1642 1452 1723 276.
1485 1642 1568 1704 D.
1602 1642 1686 1704 Ε.
1732 1653 1795 1704 et
1834 1662 1981 1726 quae
2024 1640 2105 1704 ad
2149 1638 2256 1704 illa

556 1745 874 1811 annotatio
903 1744 1115 1809 habet.
1594 1749 1599 1753 ’

645 1872 706 1935 p.
734 1867 923 1935 1331,
942 1868 1006 1935 3.
1047 1849 1141 1913 καὶ
1163 1847 1516 1928 ἀναβασμοί
1539 1848 1718 1930 τινες]
1757 1842 1944 1909 Plato
1969 1846 2252 1931 Sympos.

558 1976 618 2038 p.
655 1973 796 2017 211.
845 1976 910 2037 p.
938 1971 1070 2033 444
1098 1973 1190 2037 sq.
1227 1949 1890 2031 Bekk.:—dp)(6p.<vov
1927 1946 2042 2011 ἀπὸ
2074 1950 2258 2010 τῶνδε

557 2062 673 2120 τῶν
708 2061 907 2120 καλῶν
951 2056 1179 2118 ἐκείνου
1225 2054 1401 2117 ἕνεκα
1427 2056 1533 2115 τοῦ
1566 2055 1753 2115 καλοῦ
1791 2051 1885 2115 ἀεὶ
1929 2048 2253 2123 ἐπανιέναι,

558 2160 758 2241 ὥσπερ
789 2161 1235 2238 ἐπαναβαθμοῖς
1260 2157 1571 2239 χρώμενον
1602 2181 1653 2219 κ.
1676 2180 1729 2218 τ.
1748 2161 1808 2217 λ.
1900 2155 2002 2217 De
2042 2151 2259 2216 formis

557 2259 909 2343 ἆναβασμθς
929 2275 993 2325 et
1014 2258 1364 2340 ἆναβαθμὸς
1391 2256 1635 2343 copiose
1663 2254 1952 2340 exposuit
1977 2253 2256 2319 Lobeck.

557 2364 639 2428 ad
673 2362 1012 2451 Phrynichi
1041 2361 1323 2447 Epitom.
1354 2386 1415 2448 p.
1439 2379 1592 2447 324.
1685 2362 1982 2424 Ceterum
2014 2358 2094 2422 ad
2127 2381 2257 2422 rem

560 2466 773 2532 confer
803 2465 1032 2532 Plotin.
1074 2487 1266 2550 supra
1309 2487 1374 2550 p.
1403 2483 1510 2550 50.
1559 2476 1622 2528 et
1650 2486 1713 2550 p.
1748 2481 1891 2547 292.
1927 2464 2007 2527 F.
2096 2464 2258 2526 Mox

561 2594 637 2636 ex
677 2569 963 2635 editionis
1005 2567 1428 2654 marginisque
1473 2583 1536 2631 et
1574 2565 1857 2631 codicum
1893 2564 2261 2632 lectionibus

563 2674 784 2757 ἀρεταὶ,
832 2672 1032 2755 ἀραιαὶ
1079 2671 1253 2736 effeci
1306 2672 1449 2753 ἀραί
1484 2696 1572 2749 τε,
1618 2683 1682 2734 et
1719 2671 2021 2758 precibus
2071 2668 2261 2733 habet

563 2777 749 2842 etiam
782 2776 917 2841 Fic.
1009 2777 1173 2840 Sunt
1216 2787 1424 2839 autem
1472 2773 1604 2837 haec
1647 2771 1952 2837 vocabula
1988 2771 2182 2835 ducta
2225 2794 2261 2835 e

560 2879 746 2945 sacris
771 2879 998 2944 ritibus
1028 2878 1367 2966 praesertim
1399 2875 1755 2949 initiorum;
1806 2890 1868 2939 et
1891 2874 2082 2939 verba
2104 2895 2262 2959 prae-

560 2983 631 3048 iit
661 2982 912 3047 Plotino
939 2983 1072 3067 ipse
1101 2981 1286 3046 Plato
1317 2978 1647 3067 Symposio
1677 3001 1738 3064 p.
1763 2996 1908 3042 210.
1928 2979 2013 3042 A.
2092 2975 2260 3041 Nolo

559 3109 726 3151 nunc
755 3086 937 3173 plura
964 3086 1217 3150 addere.
1310 3083 1691 3148 Consulatur
1721 3082 2050 3147 Heusdius
2085 3104 2262 3145 meus

559 3189 623 3254 in
649 3188 855 3253 Initiis
885 3188 1308 3274 Philosophiae
1341 3187 1694 3264 Platonicae,
1722 3187 1778 3251 I.
1811 3210 1868 3272 p.
1891 3202 1993 3271 57.
2026 3200 2089 3250 et
2116 3208 2261 3249 con-

564 3294 802 3358 feratur
832 3290 1122 3358 Plotinus
1150 3292 1270 3356 VI.
1301 3313 1363 3376 9.
1395 3312 1490 3355 11.
1523 3315 1587 3377 p.
1615 3305 1763 3374 770.

645 3433 733 3445 —
767 3397 862 3460 16.
911 3396 1083 3464 αὐτὸς
1109 3397 1173 3461 δὲ
1203 3396 1353 3478 αὐγὴ
1373 3397 1560 3475 μόνον
1581 3399 1861 3476 γεννῶσα
1884 3394 2049 3478 νοῦν]
2091 3395 2259 3458 Con-

551 3498 775 3584 juncta
829 3498 966 3562 haec
1024 3514 1171 3563 sunt
1226 3520 1371 3562 cum
1430 3496 1714 3562 doctrina
1768 3495 2064 3573 Platonis,
2119 3519 2265 3583 quae

560 3600 748 3667 deum
774 3602 952 3689 ponit
979 3615 1044 3666 et
1070 3617 1338 3665 mentem
1371 3613 1432 3665 et
1462 3600 1631 3665 ideas
1657 3616 2080 3687 generantem.
2118 3599 2262 3686 Vid.

565 3704 645 3769 de
674 3703 950 3790 Republ.
986 3705 1077 3768 X.
1111 3727 1175 3790 p.
1196 3705 1344 3789 596.
1379 3706 1438 3769 b.
1464 3728 1516 3768 c.
1541 3705 1604 3769 d.
1649 3704 1731 3767 cf.
1763 3703 1848 3767 ib.
1876 3704 1996 3767 VI.
2029 3726 2091 3791 p.
2110 3704 2261 3788 508.

565 3830 618 3871 e.
661 3831 728 3895 p.
744 3790 976 3893 509.'a.

650 3933 715 3997 p.
753 3928 941 3996 1332,
979 3930 1075 3974 11.
1130 3915 1226 3975 δεῖ
1264 3916 1446 3984 νοεῖν,
1491 3912 1544 3974 εἷ
1584 3912 1696 3989 μὲν
1740 3911 1916 3974 οὐσία
1959 3909 2128 3973 ἐστὶν
2170 3909 2264 3973 ἀεὶ

565 4016 812 4099 νοοῦσα]
867 4014 996 4078 Hic
1032 4013 1219 4100 plura
1259 4013 1321 4077 in
1370 4013 1497 4076 suis
1540 4010 1713 4075 libris
1756 4010 1974 4098 legisse
2006 4010 2265 4075 Ficinus

558 4115 613 4179 ei
643 4115 953 4193 videatur,
984 4116 1095 4203 qui
1126 4139 1247 4181 non
1281 4132 1507 4193 teneat,
1531 4115 1705 4201 quod
1737 4113 1941 4179 ubivis
1971 4113 2105 4178 haec
2138 4115 2264 4178 La-

562 4219 690 4284 tina
727 4241 871 4283 cum
906 4219 1146 4283 Graecis
1181 4218 1566 4306 comparanti
1599 4216 1934 4282 tenendum
1968 4232 2084 4294 est,
2114 4239 2259 4281 eum

561 4321 984 4409 intelligentiae
1026 4321 1405 4408 adjuvandis
1448 4344 1636 4385 causa
1663 4319 1797 4384 haec
1832 4319 2112 4384 membra
2148 4320 2259 4384 ad-

553 4425 858 4509 junxisse.
951 4424 1178 4489 Ubivis
1220 4425 1384 4490 enim
1425 4422 1744 4489 consulere
1784 4423 1996 4487 studet
2027 4423 2259 4488 Marsi·

565 4527 684 4593 lius
733 4526 1068 4592 lectoribus
1124 4526 1318 4592 densa
1372 4527 1479 4592 illa
1535 4527 1837 4591 brevitate
1889 4525 2262 4591 Plotinianae

564 4630 857 4695 orationis
883 4629 1216 4716 impeditis.

650 4770 736 4781 —
771 4753 872 4817 13.
918 4735 1015 4797 καὶ
1049 4731 1177 4817 οὐχ’
1210 4735 1444 4797 ἁπλοῦν
1471 4732 1915 4815 λέγουσιν-τὸ
1955 4735 2103 4817 ὁρᾷν
2139 4731 2261 4796 κατ’

566 4835 903 4924 ἐνέργειαν]
974 4833 1370 4919 Nicephorus
1422 4836 1760 4923 GregoraS,
1807 4835 1918 4921 qui
1972 4835 2038 4899 in
2090 4835 2260 4899 Hist.

567 4938 837 5026 Byzant.
877 4936 1054 5001 Libr.
1099 4938 1355 5002 XXII.
1399 4942 1464 5025 p.
1496 4940 1621 5002 688
1655 4961 1744 5024 sq.
1790 4937 1987 5001 Paris.
2037 4960 2100 5024 p.
2133 4957 2262 5022 549

565 5064 701 5129 sqq.
733 5042 953 5105 Venet.
984 5040 1047 5105 in
1079 5041 1391 5106 mentione
1419 5041 1859 5130 disputationis
1886 5066 2028 5107 cum
2063 5043 2266 5107 Caba-

564 5144 697 5225 sila,
726 5159 791 5209 et
819 5143 1073 5231 quidem
1113 5144 1179 5207 in
1208 5144 1574 5232 quaestione,
1605 5169 1683 5211 an
1714 5146 1816 5210 dei
1853 5163 2081 5211 natura
2114 5145 2262 5210 sub-

565 5246 808 5313 stantiae
841 5263 905 5312 et
933 5247 1307 5335 operationis
1343 5248 1670 5314 discrimen
1705 5248 1998 5336 patiatur,
2032 5247 2264 5313 Plotini

565 5349 914 5415 testimonia
962 5374 998 5414 e
1043 5349 1331 5438 pluribus
1379 5349 1531 5416 locis
1579 5352 1905 5439 sejunctim
1957 5350 2264 5430 exhibuit,

567 5452 736 5518 hunc
764 5476 1020 5541 quoque
1058 5452 1263 5518 locum
1293 5452 1510 5518 laudat
1548 5479 1614 5543 p.
1636 5474 1758 5540 551
1797 5477 1918 5541 sq.:
1968 5456 2065 5518 καὶ
2102 5454 2267 5520 αὖθίς

567 5564 775 5638 φησιν,
807 5558 884 5625 ὥς
910 5559 1074 5637 ἆπλῆ
1104 5558 1272 5622 ἐστιν
1298 5557 1336 5637 ἡ
1365 5561 1470 5621 τοῦ
1497 5562 1604 5623 νοῦ
1631 5557 1808 5623 οὐσία
1840 5557 1935 5623 καὶ
1974 5558 2080 5624 οὐκ
2107 5558 2266 5621 ἄλλο

3914 561 4042 631 395

2342 718 2545 796 νόησις
2574 715 2670 780 καὶ
2698 715 2856 780 ἄλλο
2887 718 3037 782 νοῦς.
3084 717 3143 779 οἱ
3169 718 3284 797 γὰρ
3310 713 3597 797 λέγοντες
3625 716 3825 784 ἄλλως
3849 741 4038 799 προσ-

2339 816 2610 882 τιθέασιν
2657 819 2801 898 αῧτῇ
2848 818 3048 898 ὥσπερ
3095 819 3431 899 ὀφθαλμοῖς
3478 817 3547 881 τὸ
3596 820 3767 903 ὁρᾷν.
3832 819 4041 885 ἐατέον

2339 921 2446 984 οῦν
2476 920 2576 984 ἐπὶ
2613 924 2713 1000 τῆς
2749 922 2944 999 ἆπλῆς
2972 920 3209 1002 φύσεως
3235 922 3438 985 τᾶλλα
3478 926 3760 1001 μηδεμιᾶς
3805 925 4036 988 ἐπικου-

2337 1024 2469 1103 ρίας
2497 1021 2798 1102 δεομένης,
2820 1021 2853 1085 ὃ
2882 1025 2997 1104 γὰρ
3027 1021 3103 1086 ἂν
3129 1028 3391 1105 προσθῇς
3417 1024 3729 1103 ἠλάττωσε
3756 1030 3827 1106 τῇ
3853 1052 4041 1109 προσ-

2339 1122 2484 1204 θήκῃ
2512 1124 2621 1204 τῆν
2651 1124 2889 1192 οὐδενὸς
2917 1125 3223 1205 δεομένην.
3313 1125 3586 1215 Reliqua
3613 1127 3912 1216 leguntur
3938 1128 4039 1193 in-

2336 1225 2435 1290 fra
2461 1249 2527 1314 p.
2555 1243 2698 1313 733.
2731 1228 2822 1291 A.

2424 1353 2486 1417 p.
2525 1349 2712 1416 1333,
2749 1346 2804 1413 7.
2855 1331 3081 1413 Διόπερ
3112 1335 3255 1396 νοῦν
3290 1339 3478 1414 φησιν
3517 1335 3550 1395 ὁ
3578 1333 3843 1399 Πλάτων
3884 1334 4037 1400 εἶναι

2339 1434 2551 1518 ὀρθῶς]
2593 1431 2827 1512 Fallor,
2849 1448 2961 1497 aut
2984 1432 3242 1498 Ficinus
3270 1433 3422 1521 legit
3447 1435 3560 1499 Διὸ
3588 1436 3752 1518 ὑπέρ.
3819 1437 3941 1502 Sed
3971 1437 4036 1502 in

2341 1533 2584 1622 scriptis
2624 1533 2797 1600 libris
2836 1533 3008 1600 nulla
3048 1535 3372 1601 diversitas
3414 1538 3495 1602 ab
3523 1538 3829 1604 editione:
3876 1555 4037 1605 atta-

2341 1659 2483 1702 men
2520 1637 2680 1702 illud
2719 1637 2960 1725 flagitat
2993 1638 3431 1726 disputationis
3471 1657 3669 1720 tenor,
3701 1657 3764 1707 et
3793 1642 3844 1707 si
3872 1641 4039 1731 lege-

2341 1741 2446 1820 ris,
2469 1765 2615 1828 quae
2646 1741 2709 1806 in
2742 1741 3018 1829 Republ.
3039 1743 3160 1807 VI.
3192 1766 3257 1830 p.
3283 1743 3435 1829 508.
3480 1767 3543 1832 p.
3564 1746 3692 1830 348
3721 1769 3814 1832 sq.
3839 1745 4039 1811 Bekk.

2344 1843 2527 1909 Plato
2554 1845 2634 1909 de
2679 1844 2804 1909 sole
2833 1861 3132 1932 tanquam
3163 1846 3333 1910 visus
3375 1861 3629 1912 auctore
3672 1863 3734 1913 et
3762 1847 3843 1913 de
3875 1849 4044 1914 bono

2341 1962 2643 2034 tanquam
2671 1947 3022 2013 intellectus
3049 1972 3239 2014 causa
3265 1950 3469 2028 docet,
3499 1949 3676 2015 illum
3707 1950 3910 2016 locum
3942 1952 4043 2016 hic

2342 2050 2739 2115 obversatum
2797 2050 2967 2115 dicas
3021 2067 3234 2116 nostro
3289 2052 3676 2140 philosopho.
3788 2057 4045 2120 Poterat

2344 2155 2406 2218 Ν
2411 2153 2743 2241 icephorus
2774 2155 3089 2241 Gregoras
3119 2158 3410 2240 δᾳδούχου
3439 2156 3616 2221 nobis
3653 2180 3834 2221 usum
3879 2181 4045 2245 prae-

2345 2270 2527 2334 stare‚
2561 2256 2609 2319 si
2653 2258 3001 2322 accuratius
3047 2259 3225 2323 nobis
3267 2258 3636 2324 reddidisset
3678 2259 3811 2325 haec
3844 2260 4041 2325 Ploti-

2345 2357 2552 2423 niana.
2643 2362 2833 2424 Nunc
2877 2384 3026 2425 vero
3073 2361 3161 2425 ita
3211 2361 3422 2427 scribit
3463 2361 3502 2426 Ι.
3534 2362 3576 2427 l.
3625 2386 3687 2451 p.
3716 2381 3881 2449 552:
3948 2365 4045 2428 καὶ

2344 2464 2552 2525 πολλὰ
2588 2468 2874 2547 πολλαχῆ
2901 2465 3036 2546 περὶ
3072 2465 3281 2529 τούτου
3322 2468 3639 2545 διεξελθὼν
3671 2456 4041 2550 (Πλωτῖνος)

2348 2564 2619 2647 ἐπιφέρει
2649 2568 2745 2630 καὶ
2772 2564 3093 2642 Πλάτωνα,
3111 2574 3481 2650 βεβαιοῦντα
3502 2569 3610 2635 τὸν
3628 2573 3820 2654 λόγον
3842 2572 4021 2635 αὐτοῦ
4028 2620 4041 2634 .

2347 2672 2508 2735 Νοῦς
2555 2673 2690 2750 γὰρ,
2741 2671 2912 2752 φησί,
2963 2671 3044 2751 μὴ
3093 2678 3249 2736 νοῶν
3296 2674 3543 2753 ἀνόητος
3592 2673 3668 2738 ἂν
3721 2675 3830 2754 εἴη.
3931 2676 4048 2738 Καὶ

2344 2768 2765 2852 Ἀριστοτέλης
2803 2771 2851 2836 δ’
2884 2775 3116 2854 ὁμοίως.
3183 2773 3453 2849 Τέλειος,
3486 2776 3659 2857 φησί,
3695 2781 3831 2844 νοῦς
3869 2777 4043 2841 αὐτο-

2348 2874 2499 2955 φυής
2542 2877 2711 2939 ἐστιν
2755 2875 3044 2958 ἐνέργεια,
3087 2877 3182 2941 καὶ
3230 2878 3448 2943 ταύτόν
3495 2881 3664 2943 ἐστιν
3710 2878 3798 2943 ἐπ’
3846 2881 4042 2954 αὐτοῦ,

2345 2975 2562 3041 ταύτὸν
2607 2978 2702 3042 καὶ
2746 2978 3037 3062 ἐνέργεια·
3083 2977 3121 3059 ἢ
3160 2981 3229 3045 οὗ
3273 2979 3651 3062 μεταβάλλει
3690 2984 3848 3048 ἄλλο
3878 3009 3936 3047 τι
3964 2983 4048 3048 ὢν

2346 3080 2454 3160 τὴν
2502 3081 2734 3154 οὐσίαν,
2786 3083 2883 3146 καὶ
2932 3084 3092 3147 ἄλλο
3143 3084 3252 3163 τὴν
3304 3084 3633 3167 ἐνέργειαν.
3725 3085 3827 3150 Cf.
3863 3087 4049 3152 etiam

2331 3181 2559 3266 ¹Schol.
2591 3182 2655 3247 in
2688 3183 2894 3248 Procli
2928 3185 3154 3253 Theol.
3189 3186 3436 3252 Platon.
3471 3190 3572 3252 II.
3611 3209 3668 3253 1.
3710 3213 3775 3276 p.
3805 3209 3906 3276 90.
3942 3191 4048 3257 ubi

2346 3284 2642 3351 docetur:
2690 3311 2768 3352 ex
2802 3286 3083 3353 Platonis
3127 3290 3431 3356 sententia
3468 3293 3751 3379 primam
3789 3317 4044 3360 caueam

2348 3412 2478 3454 esee
2504 3412 2708 3478 mcpra
2738 3401 3019 3456 mentem.

2435 3530 2522 3541 —
2551 3512 2646 3557 12.
2692 3496 2876 3573 μηδὲν
2905 3496 2969 3559 δὲ
3000 3498 3178 3577 ἔργον
3203 3495 3356 3560 εἶναι
3386 3498 3559 3584 αὐτῷ,
3586 3500 3677 3561 ὅτι
3703 3502 3888 3580 μηδὲν
3919 3503 4045 3566 ἐπι-

2348 3595 2578 3677 βάλλει
2607 3598 2761 3683 αὐτῷ
2791 3598 3013 3681 ποιεῖν]
3063 3597 3354 3662 Debebat
3377 3599 3672 3680 Ficinus3
3722 3609 3766 3640 ‘⁶
3783 3601 3931 3688 quia
3958 3603 4050 3666 ni-

2351 3698 2436 3763 hil
2450 3702 2735 3787 pertinet
2761 3699 2841 3763 ad
2865 3722 3008 3763 eum
3033 3700 3293 3764 facere.”
3353 3700 3480 3765 Dio
3503 3703 3671 3766 Cass
3694 3704 4042 3769 XXXVI.

2356 3820 2453 3888 15.
2490 3826 2550 3889 p.
2573 3822 2611 3885 9
2615 3806 2960 3887 5ε-πᾶσιν
2987 3804 3161 3882 αὐτῆς
3195 3808 3321 3885 (τῆς
3348 3808 3538 3885 τιμῆς)
3574 3807 3661 3873 οἶς
3687 3831 3761 3887 γε
3792 3805 4046 3886 ἐπιβάλ-

2349 3913 2467 3978 λει,
2498 3904 2784 3987 προσήκει
2810 3901 3147 3988 τυγχάνειν.
3224 3908 3482 3972 Marcus
3511 3910 3821 3974 Antonin.
3844 3912 3922 3975 V.
3949 3932 4043 3997 15.

2350 4030 2411 4095 Ρ.
2443 4011 2586 4094 156.
2635 4007 2899 4072 Gatak.:
2954 4009 2994 4073 ἃ
3023 4011 3330 4096 ἀνθρώπῳ,
3366 4011 3490 4076 καθ’
3524 4011 3558 4075 ὃ
3589 4013 3913 4095 ἄνθρωπος,
3946 4016 4052 4079 οὐκ

2351 4108 2693 4190 ἐπιβάλλει,
2718 4111 2829 4176 ubi
2858 4111 2984 4177 vid.
3015 4112 3250 4177 Gatak.
3324 4113 3494 4180 Ibid.
3514 4116 3679 4179 VII.
3698 4132 3758 4198 7.
3793 4139 3858 4203 p.
3886 4136 4044 4202 209:

2352 4219 2586 4297 (exstat
2613 4215 2714 4280 hic
2744 4215 2918 4280 locus
2947 4215 3064 4281 hoc
3095 4216 3312 4280 titulo:
3364 4217 3669 4298 ἐπικτήτου
3692 4221 4050 4303 ἐγχειρίδιον

2349 4320 2643 4401 δεύτερον,
2690 4318 2755 4382 in
2810 4318 2971 4385 Cod.
3018 4319 3384 4384 Monacensi
3437 4343 3616 4386 mser.
3648 4338 3795 4408 529.
3842 4346 3879 4387 e
3920 4346 4051 4409 quo

2349 4423 2485 4486 haec
2534 4436 2828 4510 excerpta
2882 4423 2944 4486 in
2998 4422 3239 4486 schedis
3300 4422 3535 4487 habeo:
3605 4426 3710 4504 Μῆ
3762 4427 4048 4509 αἰσχύνου

2352 4523 2601 4611 [Schol.
2637 4524 2702 4588 in
2749 4548 2942 4613 marg.
2985 4525 3125 4589 cod.
3174 4527 3575 4614 ἐγκαλύπτου]
3623 4529 4045 4607 βοηθούμενος,

2349 4630 2651 4710 πρόκειται
2703 4626 2819 4710 γάρ
2869 4654 2970 4692 σοι
3022 4630 3290 4711 ἐνεργεῖν
3340 4629 3407 4692 τὸ
3460 4628 3801 4709 ἐπιβάλλον
3854 4629 4044 4715 [Cod.

2348 4728 2763 4811 τούπιβάλλον
2799 4746 2862 4794 et
2905 4730 2967 4794 in
3013 4753 3209 4817 marg.
3241 4731 3434 4795 schol.
3467 4732 3533 4795 τὸ
3579 4735 3831 4814 ἁρμόζον
3875 4735 4044 4822 σοι])

2352 4832 2456 4897 ubi
2487 4832 2639 4897 item
2667 4832 2919 4898 consule
2950 4832 3335 4899 Gatakerum
3368 4848 3432 4898 et
3462 4835 3701 4921 Upton.
3732 4835 3797 4898 in
3830 4835 4048 4900 Indice

2351 4935 2710 5000 Graecitatis
2766 4936 3039 5023 Epictet.
3097 4960 3160 5025 p.
3205 4938 3353 5024 328.
3419 4937 3765 5024 Schweigh.
3854 4938 4048 5003 Adde

2350 5037 2778 5103 Valckenaerii
2811 5038 3065 5103 Scholas
3093 5040 3156 5103 in
3188 5041 3271 5104 N.
3300 5042 3386 5103 T.
3418 5041 3475 5104 1.
3508 5063 3567 5127 p.
3592 5059 3671 5105 22
3675 5061 3738 5124 5.
3770 5040 3880 5127 qui
3909 5044 4048 5104 An-

2352 5141 2546 5204 tonini
2598 5141 2999 5229 posteriorem
3051 5141 3254 5206 locum
3309 5142 3600 5207 adhibuit
3651 5142 3746 5207 his
3797 5146 4044 5231 Evang.

2354 5244 2554 5308 Lucae
2586 5243 2786 5323 verbis
2819 5246 2967 5309 XV.
3010 5264 3122 5311 12:
3174 5248 3298 5314 Δός
3329 5272 3431 5326 μοι
3467 5244 3536 5309 τὸ
3575 5245 3911 5327 ἐπιβάλλον
3948 5247 4051 5328 μέ·

2350 5374 2452 5430 ρος
2480 5351 2583 5427 τῆς
2611 5349 2835 5423 οὐσίας,
2872 5347 2979 5412 ubi
3023 5347 3103 5413 sit
3138 5348 3423 5427 fortasse,
3453 5348 3562 5435 qui
3600 5348 3777 5430 μέρος
3819 5349 4052 5414 Scholi-

2351 5464 2502 5515 astae
2529 5450 3024 5515 additamentum
3047 5451 3311 5537 judicet.
3372 5449 3671 5515 Videlicet
3693 5451 3801 5538 qui
3830 5452 4051 5541 hujus-

2351 5552 2521 5618 modi
2546 5552 2713 5618 locos
2734 5552 3055 5641 respiciat:
3084 5555 3411 5642 ‚Archytas
3432 5577 3534 5643 ap.
3557 5554 3732 5620 Stob.
3757 5556 4048 5645 Florileg.

2331 5718 2337 5727 .
2458 5666 2679 5733 3122
