<?xml version="1.0" encoding="UTF-8"?>
<!DOCTYPE html PUBLIC "-//W3C//DTD XHTML 1.0 Transitional//EN"
    "http://www.w3.org/TR/xhtml1/DTD/xhtml1-transitional.dtd">
<html xmlns="http://www.w3.org/1999/xhtml" xml:lang="en" lang="en">
 <head>
  <title>
</title>
<meta http-equiv="Content-Type" content="text/html;charset=utf-8" />
  <meta name='ocr-system' content='tesseract 3.04.00' />
  <meta name='ocr-capabilities' content='ocr_page ocr_carea ocr_par ocr_line ocrx_word'/>
</head>
<body>
  <div class='ocr_page' id='page_1' title='image "./plotinioperaomn00chumgoog_0432.png"; bbox 0 0 5118 6613; ppageno 0'>
   <div class='ocr_carea' id='block_1_1' title="bbox 1103 466 1229 550">
    <p class='ocr_par' dir='ltr' id='par_1_1' title="bbox 1103 466 1229 550">
     <span class='ocr_line' id='line_1_1' title="bbox 1103 466 1229 550; baseline 0.008 -20"><span class='ocrx_word' id='word_1_1' title='bbox 1103 466 1229 550; x_wconf 86' lang='lat'>418</span> 
     </span>
    </p>
   </div>
   <div class='ocr_carea' id='block_1_2' title="bbox 1097 638 2205 5658">
    <p class='ocr_par' dir='ltr' id='par_1_2' title="bbox 1108 638 2205 2257">
     <span class='ocr_line' id='line_1_2' title="bbox 1108 638 2204 718; baseline -0.004 -15"><span class='ocrx_word' id='word_1_2' title='bbox 1108 643 1355 703; x_wconf 84' lang='lat' dir='ltr'>animam</span> <span class='ocrx_word' id='word_1_3' title='bbox 1385 638 1647 718; x_wconf 89' lang='lat' dir='ltr'>componi</span> <span class='ocrx_word' id='word_1_4' title='bbox 1687 659 1754 698; x_wconf 88' lang='lat' dir='ltr'>ex</span> <span class='ocrx_word' id='word_1_5' title='bbox 1789 639 2032 698; x_wconf 70' lang='lat' dir='ltr'>essentia</span> <span class='ocrx_word' id='word_1_6' title='bbox 2069 658 2204 718; x_wconf 86' lang='lat' dir='ltr'>qua-</span> 
     </span>
     <span class='ocr_line' id='line_1_3' title="bbox 1188 719 2204 798; baseline -0.006 -13"><span class='ocrx_word' id='word_1_7' title='bbox 1188 726 1319 785; x_wconf 89' lang='lat' dir='ltr'>dam</span> <span class='ocrx_word' id='word_1_8' title='bbox 1367 721 1653 782; x_wconf 85' lang='lat' dir='ltr'>individua</span> <span class='ocrx_word' id='word_1_9' title='bbox 1696 733 1757 779; x_wconf 89' lang='lat' dir='ltr'>et</span> <span class='ocrx_word' id='word_1_10' title='bbox 1802 719 2039 788; x_wconf 78' lang='lat' dir='ltr'>dividua,</span> <span class='ocrx_word' id='word_1_11' title='bbox 2089 740 2204 798; x_wconf 93' lang='lat' dir='ltr'>quo</span> 
     </span>
     <span class='ocr_line' id='line_1_4' title="bbox 1191 801 2205 883; baseline -0.005 -18"><span class='ocrx_word' id='word_1_12' title='bbox 1191 804 1362 865; x_wconf 88' lang='lat' dir='ltr'>modo</span> <span class='ocrx_word' id='word_1_13' title='bbox 1387 802 1813 883; x_wconf 89' lang='lat' dir='ltr'>intelligendum</span> <span class='ocrx_word' id='word_1_14' title='bbox 1842 801 1990 881; x_wconf 89' lang='lat' dir='ltr'>apud</span> <span class='ocrx_word' id='word_1_15' title='bbox 2016 801 2205 861; x_wconf 90' lang='lat' dir='ltr'>Plato-</span> 
     </span>
     <span class='ocr_line' id='line_1_5' title="bbox 1111 897 2203 1032; baseline -0.005 -5"><span class='ocrx_word' id='word_1_16' title='bbox 1111 905 1358 1027; x_wconf 55' lang='grc' dir='ltr'><strong>αυίῃιξῗω</strong></span> <span class='ocrx_word' id='word_1_17' title='bbox 1414 962 1628 1024; x_wconf 91' lang='lat' dir='ltr'>bomini</span> <span class='ocrx_word' id='word_1_18' title='bbox 1676 962 1939 1032; x_wconf 85' lang='lat' dir='ltr'>tribuere,</span> <span class='ocrx_word' id='word_1_19' title='bbox 1990 897 2203 1022; x_wconf 59' lang='lat' dir='ltr'>maiiiig</span> 
     </span>
     <span class='ocr_line' id='line_1_6' title="bbox 1189 1042 2201 1117; baseline -0.004 -10"><span class='ocrx_word' id='word_1_20' title='bbox 1189 1048 1457 1117; x_wconf 75' lang='lat' dir='ltr'>adimere,</span> <span class='ocrx_word' id='word_1_21' title='bbox 1482 1046 1782 1105; x_wconf 89' lang='lat' dir='ltr'>absurdum</span> <span class='ocrx_word' id='word_1_22' title='bbox 1807 1042 2029 1103; x_wconf 89' lang='lat' dir='ltr'>Platoni</span> <span class='ocrx_word' id='word_1_23' title='bbox 2049 1044 2201 1103; x_wconf 86' lang='lat' dir='ltr'>vide·-</span> 
     </span>
     <span class='ocr_line' id='line_1_7' title="bbox 1189 1125 2202 1201; baseline -0.005 -13"><span class='ocrx_word' id='word_1_24' title='bbox 1189 1143 1282 1188; x_wconf 89' lang='lat' dir='ltr'>tur</span> <span class='ocrx_word' id='word_1_25' title='bbox 2083 1125 2202 1201; x_wconf 85' lang='lat'>376</span> 
     </span>
     <span class='ocr_line' id='line_1_8' title="bbox 1110 1204 2201 1286; baseline -0.005 -16"><span class='ocrx_word' id='word_1_26' title='bbox 1110 1212 1354 1270; x_wconf 88' lang='lat' dir='ltr'>animam</span> <span class='ocrx_word' id='word_1_27' title='bbox 1383 1207 1633 1286; x_wconf 82' lang='lat' dir='ltr'>quamvis</span> <span class='ocrx_word' id='word_1_28' title='bbox 1669 1204 1794 1285; x_wconf 88' lang='lat' dir='ltr'>quis</span> <span class='ocrx_word' id='word_1_29' title='bbox 1836 1218 2014 1266; x_wconf 91' lang='lat' dir='ltr'>totam</span> <span class='ocrx_word' id='word_1_30' title='bbox 2055 1208 2201 1265; x_wconf 87' lang='lat' dir='ltr'>acci-</span> 
     </span>
     <span class='ocr_line' id='line_1_9' title="bbox 1189 1288 2200 1370; baseline -0.004 -21"><span class='ocrx_word' id='word_1_31' title='bbox 1189 1291 1324 1370; x_wconf 87' lang='lat' dir='ltr'>piat,</span> <span class='ocrx_word' id='word_1_32' title='bbox 1352 1308 1469 1348; x_wconf 90' lang='lat' dir='ltr'>nou</span> <span class='ocrx_word' id='word_1_33' title='bbox 1498 1302 1689 1347; x_wconf 86' lang='lat' dir='ltr'>tamen</span> <span class='ocrx_word' id='word_1_34' title='bbox 1716 1293 1836 1368; x_wconf 88' lang='lat' dir='ltr'>ejus</span> <span class='ocrx_word' id='word_1_35' title='bbox 1874 1288 2095 1346; x_wconf 86' lang='lat' dir='ltr'>cunctis</span> <span class='ocrx_word' id='word_1_36' title='bbox 2122 1290 2200 1345; x_wconf 80' lang='lat' dir='ltr'>vi-</span> 
     </span>
     <span class='ocr_line' id='line_1_10' title="bbox 1190 1369 2199 1446; baseline -0.004 -17"><span class='ocrx_word' id='word_1_37' title='bbox 1190 1371 1344 1431; x_wconf 87' lang='lat' dir='ltr'>ribus</span> <span class='ocrx_word' id='word_1_38' title='bbox 1371 1369 1479 1429; x_wconf 85' lang='lat' dir='ltr'>frui</span> <span class='ocrx_word' id='word_1_39' title='bbox 2089 1384 2199 1446; x_wconf 84' lang='lat'>205</span> 
     </span>
     <span class='ocr_line' id='line_1_11' title="bbox 1112 1449 2199 1529; baseline -0.004 -18"><span class='ocrx_word' id='word_1_40' title='bbox 1112 1451 1360 1511; x_wconf 88' lang='lat' dir='ltr'>animam</span> <span class='ocrx_word' id='word_1_41' title='bbox 1390 1469 1572 1529; x_wconf 87' lang='lat' dir='ltr'>neque</span> <span class='ocrx_word' id='word_1_42' title='bbox 1611 1449 1928 1529; x_wconf 81' lang='lat' dir='ltr'>partibilem</span> <span class='ocrx_word' id='word_1_43' title='bbox 1959 1462 2199 1517; x_wconf 87' lang='lat' dir='ltr'>tantum,</span> 
     </span>
     <span class='ocr_line' id='line_1_12' title="bbox 1192 1530 2200 1611; baseline -0.003 -19"><span class='ocrx_word' id='word_1_44' title='bbox 1192 1553 1298 1592; x_wconf 91' lang='lat' dir='ltr'>nec</span> <span class='ocrx_word' id='word_1_45' title='bbox 1358 1530 1753 1611; x_wconf 81' lang='lat' dir='ltr'><strong>impartibilem</strong></span> <span class='ocrx_word' id='word_1_46' title='bbox 1814 1530 1995 1589; x_wconf 87' lang='lat' dir='ltr'>solum</span> <span class='ocrx_word' id='word_1_47' title='bbox 2057 1550 2200 1598; x_wconf 87' lang='lat' dir='ltr'>esse,</span> 
     </span>
     <span class='ocr_line' id='line_1_13' title="bbox 1190 1613 2197 1693; baseline -0.001 -22"><span class='ocrx_word' id='word_1_48' title='bbox 1190 1613 1443 1693; x_wconf 91' lang='lat' dir='ltr'>pluribus</span> <span class='ocrx_word' id='word_1_49' title='bbox 1470 1613 1835 1671; x_wconf 88' lang='lat' dir='ltr'>confirmatur</span> <span class='ocrx_word' id='word_1_50' title='bbox 2125 1629 2197 1687; x_wconf 83' lang='lat'>33</span> 
     </span>
     <span class='ocr_line' id='line_1_14' title="bbox 1110 1693 2204 1755; baseline -0.005 0"><span class='ocrx_word' id='word_1_51' title='bbox 1110 1695 1355 1755; x_wconf 89' lang='lat' dir='ltr'>animam</span> <span class='ocrx_word' id='word_1_52' title='bbox 1407 1693 1742 1752; x_wconf 85' lang='lat' dir='ltr'>descendere</span> <span class='ocrx_word' id='word_1_53' title='bbox 1794 1706 1852 1752; x_wconf 92' lang='lat' dir='ltr'>et</span> <span class='ocrx_word' id='word_1_54' title='bbox 1906 1693 2204 1751; x_wconf 89' lang='lat' dir='ltr'>ascendere</span> 
     </span>
     <span class='ocr_line' id='line_1_15' title="bbox 1129 1773 2201 1853; baseline -0.003 -19"><span class='ocrx_word' id='word_1_55' title='bbox 1129 1813 1136 1821; x_wconf 93' lang='lat'><strong>·</strong></span> <span class='ocrx_word' id='word_1_56' title='bbox 1190 1796 1260 1834; x_wconf 88' lang='lat' dir='ltr'>an</span> <span class='ocrx_word' id='word_1_57' title='bbox 1310 1774 1620 1853; x_wconf 90' lang='lat' dir='ltr'>intelligere</span> <span class='ocrx_word' id='word_1_58' title='bbox 1667 1775 1971 1833; x_wconf 79' lang='lat' dir='ltr'>debeamus</span> <span class='ocrx_word' id='word_1_59' title='bbox 2023 1773 2201 1852; x_wconf 80' lang='lat' dir='ltr'>ipsam</span> 
     </span>
     <span class='ocr_line' id='line_1_16' title="bbox 1191 1855 2203 1929; baseline -0.003 -14"><span class='ocrx_word' id='word_1_60' title='bbox 1191 1857 1315 1915; x_wconf 89' lang='lat' dir='ltr'>loca</span> <span class='ocrx_word' id='word_1_61' title='bbox 1341 1868 1557 1914; x_wconf 85' lang='lat' dir='ltr'>mutare</span> <span class='ocrx_word' id='word_1_62' title='bbox 2084 1855 2203 1929; x_wconf 83' lang='lat'>658</span> 
     </span>
     <span class='ocr_line' id='line_1_17' title="bbox 1111 1935 2202 1996; baseline -0.004 0"><span class='ocrx_word' id='word_1_63' title='bbox 1111 1938 1355 1996; x_wconf 86' lang='lat' dir='ltr'>animam</span> <span class='ocrx_word' id='word_1_64' title='bbox 1397 1936 1733 1995; x_wconf 73' lang='lat' dir='ltr'>descendere</span> <span class='ocrx_word' id='word_1_65' title='bbox 1774 1947 1862 1995; x_wconf 92' lang='lat' dir='ltr'>est</span> <span class='ocrx_word' id='word_1_66' title='bbox 1901 1937 2089 1994; x_wconf 87' lang='lat' dir='ltr'>afflare</span> <span class='ocrx_word' id='word_1_67' title='bbox 2126 1935 2202 1992; x_wconf 90' lang='lat' dir='ltr'>vi-</span> 
     </span>
     <span class='ocr_line' id='line_1_18' title="bbox 1192 2015 2202 2096; baseline -0.003 -19"><span class='ocrx_word' id='word_1_68' title='bbox 1192 2032 1306 2077; x_wconf 86' lang='lat' dir='ltr'>tam</span> <span class='ocrx_word' id='word_1_69' title='bbox 1337 2016 1554 2096; x_wconf 85' lang='lat' dir='ltr'>corpori</span> <span class='ocrx_word' id='word_1_70' title='bbox 2125 2015 2202 2075; x_wconf 93' lang='lat' dir='ltr'>ib.</span> 
     </span>
     <span class='ocr_line' id='line_1_19' title="bbox 1110 2095 2203 2174; baseline -0.002 -16"><span class='ocrx_word' id='word_1_71' title='bbox 1110 2098 1355 2158; x_wconf 87' lang='lat' dir='ltr'>animam</span> <span class='ocrx_word' id='word_1_72' title='bbox 1408 2118 1584 2156; x_wconf 90' lang='lat' dir='ltr'>unam</span> <span class='ocrx_word' id='word_1_73' title='bbox 1636 2097 1985 2174; x_wconf 85' lang='lat' dir='ltr'>eandemque</span> <span class='ocrx_word' id='word_1_74' title='bbox 2038 2095 2203 2156; x_wconf 91' lang='lat' dir='ltr'>simul</span> 
     </span>
     <span class='ocr_line' id='line_1_20' title="bbox 1190 2177 2164 2257; baseline -0.004 -17"><span class='ocrx_word' id='word_1_75' title='bbox 1190 2182 1385 2240; x_wconf 88' lang='lat' dir='ltr'>adesse</span> <span class='ocrx_word' id='word_1_76' title='bbox 1412 2179 1605 2238; x_wconf 87' lang='lat' dir='ltr'>multis</span> <span class='ocrx_word' id='word_1_77' title='bbox 1638 2198 1751 2237; x_wconf 92' lang='lat' dir='ltr'>non</span> <span class='ocrx_word' id='word_1_78' title='bbox 1780 2191 1867 2237; x_wconf 69' lang='lat' dir='ltr'>est</span> <span class='ocrx_word' id='word_1_79' title='bbox 1894 2177 2164 2257; x_wconf 79' lang='lat' dir='ltr'>possibile</span> 
     </span>
    </p>

    <p class='ocr_par' dir='ltr' id='par_1_3' title="bbox 1855 2259 2201 2337">
     <span class='ocr_line' id='line_1_21' title="bbox 1855 2259 2201 2337; baseline 0 -20"><span class='ocrx_word' id='word_1_80' title='bbox 1855 2260 1976 2319; x_wconf 89' lang='lat' dir='ltr'>Fic.</span> <span class='ocrx_word' id='word_1_81' title='bbox 2006 2280 2061 2337; x_wconf 88' lang='lat' dir='ltr'>p.</span> <span class='ocrx_word' id='word_1_82' title='bbox 2086 2259 2201 2336; x_wconf 92' lang='lat'>677</span> 
     </span>
    </p>

    <p class='ocr_par' dir='ltr' id='par_1_4' title="bbox 1106 2339 2205 3794">
     <span class='ocr_line' id='line_1_22' title="bbox 1107 2339 2129 2418; baseline -0.004 -16"><span class='ocrx_word' id='word_1_83' title='bbox 1107 2342 1356 2402; x_wconf 88' lang='lat' dir='ltr'>animam</span> <span class='ocrx_word' id='word_1_84' title='bbox 1385 2361 1501 2401; x_wconf 92' lang='lat' dir='ltr'>non</span> <span class='ocrx_word' id='word_1_85' title='bbox 1531 2341 1736 2400; x_wconf 88' lang='lat' dir='ltr'>babere</span> <span class='ocrx_word' id='word_1_86' title='bbox 1761 2339 2129 2418; x_wconf 76' lang='lat' dir='ltr'>quantitatem</span> 
     </span>
     <span class='ocr_line' id='line_1_23' title="bbox 1108 2502 2204 2564; baseline -0.005 0"><span class='ocrx_word' id='word_1_87' title='bbox 1108 2505 1356 2564; x_wconf 84' lang='lat' dir='ltr'>animam</span> <span class='ocrx_word' id='word_1_88' title='bbox 1390 2502 1684 2562; x_wconf 87' lang='lat' dir='ltr'>inanimati</span> <span class='ocrx_word' id='word_1_89' title='bbox 1713 2513 1970 2561; x_wconf 89' lang='lat' dir='ltr'>naturam</span> <span class='ocrx_word' id='word_1_90' title='bbox 1999 2503 2204 2560; x_wconf 90' lang='lat' dir='ltr'>babere</span> 
     </span>
     <span class='ocr_line' id='line_1_24' title="bbox 1187 2582 2198 2665; baseline -0.005 -20"><span class='ocrx_word' id='word_1_91' title='bbox 1187 2587 1474 2665; x_wconf 90' lang='lat' dir='ltr'>quomodo</span> <span class='ocrx_word' id='word_1_92' title='bbox 1499 2582 1924 2662; x_wconf 86' lang='lat' dir='ltr'>intelligendum</span> <span class='ocrx_word' id='word_1_93' title='bbox 2088 2583 2198 2658; x_wconf 83' lang='lat'>283</span> 
     </span>
     <span class='ocr_line' id='line_1_25' title="bbox 1109 2666 2201 2726; baseline -0.005 0"><span class='ocrx_word' id='word_1_94' title='bbox 1109 2668 1353 2726; x_wconf 84' lang='lat' dir='ltr'>animam</span> <span class='ocrx_word' id='word_1_95' title='bbox 1398 2667 1456 2725; x_wconf 91' lang='lat' dir='ltr'>in</span> <span class='ocrx_word' id='word_1_96' title='bbox 1501 2666 1713 2724; x_wconf 90' lang='lat' dir='ltr'>mundo</span> <span class='ocrx_word' id='word_1_97' title='bbox 1752 2684 1867 2723; x_wconf 92' lang='lat' dir='ltr'>non</span> <span class='ocrx_word' id='word_1_98' title='bbox 1910 2684 2034 2723; x_wconf 89' lang='lat' dir='ltr'>esse</span> <span class='ocrx_word' id='word_1_99' title='bbox 2076 2666 2201 2722; x_wconf 90' lang='lat' dir='ltr'>uni-</span> 
     </span>
     <span class='ocr_line' id='line_1_26' title="bbox 1188 2745 2203 2824; baseline -0.004 -17"><span class='ocrx_word' id='word_1_100' title='bbox 1188 2768 1311 2807; x_wconf 86' lang='lat' dir='ltr'>cam</span> <span class='ocrx_word' id='word_1_101' title='bbox 1341 2749 1756 2806; x_wconf 88' lang='lat' dir='ltr'>demonstratur</span> <span class='ocrx_word' id='word_1_102' title='bbox 1859 2745 1975 2804; x_wconf 88' lang='lat' dir='ltr'>Fic.</span> <span class='ocrx_word' id='word_1_103' title='bbox 2004 2766 2059 2824; x_wconf 92' lang='lat' dir='ltr'><strong>p.</strong></span> <span class='ocrx_word' id='word_1_104' title='bbox 2083 2746 2203 2823; x_wconf 93' lang='lat'>679</span> 
     </span>
     <span class='ocr_line' id='line_1_27' title="bbox 1110 2826 2202 2909; baseline -0.003 -22"><span class='ocrx_word' id='word_1_105' title='bbox 1110 2829 1355 2887; x_wconf 90' lang='lat' dir='ltr'>animam</span> <span class='ocrx_word' id='word_1_106' title='bbox 1384 2830 1565 2909; x_wconf 87' lang='lat' dir='ltr'>ipsam</span> <span class='ocrx_word' id='word_1_107' title='bbox 1594 2826 1923 2907; x_wconf 88' lang='lat' dir='ltr'>intelligere,</span> <span class='ocrx_word' id='word_1_108' title='bbox 1955 2846 2070 2885; x_wconf 91' lang='lat' dir='ltr'>non</span> <span class='ocrx_word' id='word_1_109' title='bbox 2098 2845 2202 2884; x_wconf 89' lang='lat' dir='ltr'>nos</span> 
     </span>
     <span class='ocr_line' id='line_1_28' title="bbox 1899 2907 2200 2984; baseline 0 -20"><span class='ocrx_word' id='word_1_110' title='bbox 1899 2907 2020 2965; x_wconf 88' lang='lat' dir='ltr'>Fic.</span> <span class='ocrx_word' id='word_1_111' title='bbox 2049 2927 2105 2984; x_wconf 90' lang='lat' dir='ltr'>p.</span> <span class='ocrx_word' id='word_1_112' title='bbox 2132 2924 2200 2982; x_wconf 92' lang='lat'>17</span> 
     </span>
     <span class='ocr_line' id='line_1_29' title="bbox 1110 2987 2204 3049; baseline -0.003 -1"><span class='ocrx_word' id='word_1_113' title='bbox 1110 2989 1356 3048; x_wconf 88' lang='lat' dir='ltr'>animam</span> <span class='ocrx_word' id='word_1_114' title='bbox 1425 2990 1762 3049; x_wconf 73' lang='lat' dir='ltr'>descendere</span> <span class='ocrx_word' id='word_1_115' title='bbox 1822 3000 1883 3046; x_wconf 93' lang='lat' dir='ltr'>et</span> <span class='ocrx_word' id='word_1_116' title='bbox 1947 2987 2204 3046; x_wconf 89' lang='lat' dir='ltr'>inclinari</span> 
     </span>
     <span class='ocr_line' id='line_1_30' title="bbox 1188 3069 2197 3149; baseline -0.003 -21"><span class='ocrx_word' id='word_1_117' title='bbox 1188 3070 1322 3149; x_wconf 90' lang='lat' dir='ltr'>quid</span> <span class='ocrx_word' id='word_1_118' title='bbox 1350 3070 1424 3128; x_wconf 90' lang='lat' dir='ltr'>sit</span> <span class='ocrx_word' id='word_1_119' title='bbox 2091 3069 2197 3144; x_wconf 85' lang='lat'>165</span> 
     </span>
     <span class='ocr_line' id='line_1_31' title="bbox 1108 3147 2205 3229; baseline -0.003 -19"><span class='ocrx_word' id='word_1_120' title='bbox 1108 3151 1352 3211; x_wconf 87' lang='lat' dir='ltr'>animam</span> <span class='ocrx_word' id='word_1_121' title='bbox 1415 3150 1615 3229; x_wconf 89' lang='lat' dir='ltr'>spretis</span> <span class='ocrx_word' id='word_1_122' title='bbox 1676 3147 1955 3229; x_wconf 89' lang='lat' dir='ltr'>corporeis</span> <span class='ocrx_word' id='word_1_123' title='bbox 2016 3147 2205 3207; x_wconf 83' lang='lat' dir='ltr'>divina</span> 
     </span>
     <span class='ocr_line' id='line_1_32' title="bbox 1187 3230 2196 3309; baseline -0.003 -18"><span class='ocrx_word' id='word_1_124' title='bbox 1187 3244 1379 3292; x_wconf 90' lang='lat' dir='ltr'>mente</span> <span class='ocrx_word' id='word_1_125' title='bbox 1404 3230 1632 3292; x_wconf 88' lang='lat' dir='ltr'>formari</span> <span class='ocrx_word' id='word_1_126' title='bbox 2085 3246 2196 3309; x_wconf 87' lang='grc'>722</span> 
     </span>
     <span class='ocr_line' id='line_1_33' title="bbox 1107 3312 2199 3374; baseline -0.002 -2"><span class='ocrx_word' id='word_1_127' title='bbox 1107 3313 1353 3373; x_wconf 84' lang='lat' dir='ltr'>animam</span> <span class='ocrx_word' id='word_1_128' title='bbox 1410 3314 1469 3374; x_wconf 95' lang='lat' dir='ltr'>in</span> <span class='ocrx_word' id='word_1_129' title='bbox 1516 3315 1706 3374; x_wconf 91' lang='lat' dir='ltr'>Deum</span> <span class='ocrx_word' id='word_1_130' title='bbox 1759 3312 2086 3373; x_wconf 78' lang='lat' dir='ltr'>translatam</span> <span class='ocrx_word' id='word_1_131' title='bbox 2139 3312 2199 3370; x_wconf 90' lang='lat' dir='ltr'>iu</span> 
     </span>
     <span class='ocr_line' id='line_1_34' title="bbox 1187 3393 2198 3455; baseline -0.004 0"><span class='ocrx_word' id='word_1_132' title='bbox 1187 3396 1417 3455; x_wconf 88' lang='lat' dir='ltr'>brutum</span> <span class='ocrx_word' id='word_1_133' title='bbox 1482 3393 1769 3454; x_wconf 77' lang='lat' dir='ltr'>transferri</span> <span class='ocrx_word' id='word_1_134' title='bbox 1828 3394 2014 3453; x_wconf 90' lang='lat' dir='ltr'>denuo</span> <span class='ocrx_word' id='word_1_135' title='bbox 2083 3413 2198 3452; x_wconf 89' lang='lat' dir='ltr'>non</span> 
     </span>
     <span class='ocr_line' id='line_1_35' title="bbox 1106 3474 2198 3617; baseline -0.003 0"><span class='ocrx_word' id='word_1_136' title='bbox 1106 3495 1353 3617; x_wconf 58' lang='lat' dir='ltr'>anm</span> <span class='ocrx_word' id='word_1_137' title='bbox 1380 3570 1439 3616; x_wconf 94' lang='lat' dir='ltr'>et</span> <span class='ocrx_word' id='word_1_138' title='bbox 1463 3576 1654 3617; x_wconf 91' lang='lat' dir='ltr'>amore</span> <span class='ocrx_word' id='word_1_139' title='bbox 1680 3568 1739 3615; x_wconf 94' lang='lat' dir='ltr'>et</span> <span class='ocrx_word' id='word_1_140' title='bbox 1766 3554 1981 3616; x_wconf 90' lang='lat' dir='ltr'>ratione</span> <span class='ocrx_word' id='word_1_141' title='bbox 2008 3474 2198 3614; x_wconf 57' lang='grc' dir='ltr'>111178ἷῖ</span> 
     </span>
     <span class='ocr_line' id='line_1_36' title="bbox 1185 3636 2201 3719; baseline -0.003 -21"><span class='ocrx_word' id='word_1_142' title='bbox 1185 3658 1417 3719; x_wconf 90' lang='lat' dir='ltr'>pernam</span> <span class='ocrx_word' id='word_1_143' title='bbox 1471 3636 1944 3718; x_wconf 89' lang='lat' dir='ltr'>pulchritudinem</span> <span class='ocrx_word' id='word_1_144' title='bbox 1998 3655 2201 3716; x_wconf 84' lang='lat' dir='ltr'>provo-</span> 
     </span>
     <span class='ocr_line' id='line_1_37' title="bbox 1184 3720 2196 3794; baseline -0.004 -15"><span class='ocrx_word' id='word_1_145' title='bbox 1184 3720 1298 3779; x_wconf 80' lang='lat' dir='ltr'>cari</span> <span class='ocrx_word' id='word_1_146' title='bbox 2084 3735 2196 3794; x_wconf 85' lang='grc'>722</span> 
     </span>
    </p>

    <p class='ocr_par' dir='ltr' id='par_1_5' title="bbox 1097 3798 2199 5658">
     <span class='ocr_line' id='line_1_38' title="bbox 1103 3798 2112 3878; baseline -0.003 -19"><span class='ocrx_word' id='word_1_147' title='bbox 1103 3801 1348 3860; x_wconf 88' lang='lat' dir='ltr'>animam</span> <span class='ocrx_word' id='word_1_148' title='bbox 1379 3818 1447 3859; x_wconf 90' lang='lat' dir='ltr'>ea</span> <span class='ocrx_word' id='word_1_149' title='bbox 1473 3799 1594 3878; x_wconf 90' lang='lat' dir='ltr'>ipsa</span> <span class='ocrx_word' id='word_1_150' title='bbox 1619 3819 1757 3867; x_wconf 87' lang='lat' dir='ltr'>esse,</span> <span class='ocrx_word' id='word_1_151' title='bbox 1786 3819 1912 3877; x_wconf 79' lang='lat' dir='ltr'>quae</span> <span class='ocrx_word' id='word_1_152' title='bbox 1939 3798 2112 3857; x_wconf 90' lang='lat' dir='ltr'>habet</span> 
     </span>
     <span class='ocr_line' id='line_1_39' title="bbox 1894 3879 2189 3958; baseline -0.003 -20"><span class='ocrx_word' id='word_1_153' title='bbox 1894 3879 2009 3938; x_wconf 89' lang='lat' dir='ltr'>Fic.</span> <span class='ocrx_word' id='word_1_154' title='bbox 2039 3900 2094 3958; x_wconf 90' lang='lat' dir='ltr'>p.</span> <span class='ocrx_word' id='word_1_155' title='bbox 2121 3898 2189 3937; x_wconf 84' lang='lat'>21</span> 
     </span>
     <span class='ocr_line' id='line_1_40' title="bbox 1107 3959 2197 4039; baseline -0.003 -19"><span class='ocrx_word' id='word_1_156' title='bbox 1107 3961 1350 4020; x_wconf 87' lang='lat' dir='ltr'>animam</span> <span class='ocrx_word' id='word_1_157' title='bbox 1393 3980 1493 4039; x_wconf 91' lang='lat' dir='ltr'>per</span> <span class='ocrx_word' id='word_1_158' title='bbox 1532 3979 1612 4030; x_wconf 90' lang='lat' dir='ltr'>se,</span> <span class='ocrx_word' id='word_1_159' title='bbox 1650 3960 1770 4019; x_wconf 90' lang='lat' dir='ltr'>sine</span> <span class='ocrx_word' id='word_1_160' title='bbox 1812 3959 2060 4037; x_wconf 89' lang='lat' dir='ltr'>corporis</span> <span class='ocrx_word' id='word_1_161' title='bbox 2101 3960 2197 4018; x_wconf 89' lang='lat' dir='ltr'>ad-</span> 
     </span>
     <span class='ocr_line' id='line_1_41' title="bbox 1188 4040 2194 4118; baseline -0.002 -17"><span class='ocrx_word' id='word_1_162' title='bbox 1188 4042 1457 4101; x_wconf 89' lang='lat' dir='ltr'>miniculo</span> <span class='ocrx_word' id='word_1_163' title='bbox 1486 4040 1692 4100; x_wconf 86' lang='lat' dir='ltr'>moveri</span> <span class='ocrx_word' id='word_1_164' title='bbox 1721 4042 1987 4118; x_wconf 90' lang='lat' dir='ltr'>probatur</span> <span class='ocrx_word' id='word_1_165' title='bbox 2080 4042 2194 4117; x_wconf 86' lang='lat'>465</span> 
     </span>
     <span class='ocr_line' id='line_1_42' title="bbox 1106 4119 2199 4200; baseline -0.003 -18"><span class='ocrx_word' id='word_1_166' title='bbox 1106 4123 1352 4182; x_wconf 89' lang='lat' dir='ltr'>animam</span> <span class='ocrx_word' id='word_1_167' title='bbox 1383 4143 1496 4182; x_wconf 90' lang='lat' dir='ltr'>non</span> <span class='ocrx_word' id='word_1_168' title='bbox 1525 4141 1648 4181; x_wconf 90' lang='lat' dir='ltr'>esse</span> <span class='ocrx_word' id='word_1_169' title='bbox 1682 4140 2012 4200; x_wconf 89' lang='lat' dir='ltr'>corporeum</span> <span class='ocrx_word' id='word_1_170' title='bbox 2037 4119 2199 4199; x_wconf 83' lang='lat' dir='ltr'>quid-</span> 
     </span>
     <span class='ocr_line' id='line_1_43' title="bbox 1185 4203 2198 4283; baseline -0.002 -21"><span class='ocrx_word' id='word_1_171' title='bbox 1185 4205 1313 4263; x_wconf 87' lang='lat' dir='ltr'>dam</span> <span class='ocrx_word' id='word_1_172' title='bbox 1344 4205 1611 4283; x_wconf 90' lang='lat' dir='ltr'>probatur</span> <span class='ocrx_word' id='word_1_173' title='bbox 2078 4203 2198 4279; x_wconf 87' lang='lat'>458</span> 
     </span>
     <span class='ocr_line' id='line_1_44' title="bbox 1105 4283 2196 4364; baseline -0.004 -20"><span class='ocrx_word' id='word_1_174' title='bbox 1105 4285 1305 4345; x_wconf 80' lang='lat' dir='ltr'>animae</span> <span class='ocrx_word' id='word_1_175' title='bbox 1351 4298 1481 4364; x_wconf 91' lang='lat' dir='ltr'>post</span> <span class='ocrx_word' id='word_1_176' title='bbox 1527 4285 1743 4343; x_wconf 88' lang='lat' dir='ltr'>obitum</span> <span class='ocrx_word' id='word_1_177' title='bbox 1792 4302 1908 4342; x_wconf 91' lang='lat' dir='ltr'>non</span> <span class='ocrx_word' id='word_1_178' title='bbox 1958 4283 2196 4342; x_wconf 87' lang='lat' dir='ltr'>confun-</span> 
     </span>
     <span class='ocr_line' id='line_1_45' title="bbox 1184 4362 2198 4443; baseline -0.003 -18"><span class='ocrx_word' id='word_1_179' title='bbox 1184 4367 1395 4426; x_wconf 90' lang='lat' dir='ltr'>duntur</span> <span class='ocrx_word' id='word_1_180' title='bbox 1858 4362 1976 4423; x_wconf 83' lang='lat' dir='ltr'>Fic.</span> <span class='ocrx_word' id='word_1_181' title='bbox 2003 4384 2061 4443; x_wconf 92' lang='lat' dir='ltr'>p.</span> <span class='ocrx_word' id='word_1_182' title='bbox 2080 4365 2198 4422; x_wconf 89' lang='lat'>680</span> 
     </span>
     <span class='ocr_line' id='line_1_46' title="bbox 1103 4445 2188 4506; baseline -0.004 0"><span class='ocrx_word' id='word_1_183' title='bbox 1103 4450 1304 4506; x_wconf 60' lang='lat' dir='ltr'>animat</span> <span class='ocrx_word' id='word_1_184' title='bbox 1333 4445 1528 4506; x_wconf 88' lang='lat' dir='ltr'>mundi</span> <span class='ocrx_word' id='word_1_185' title='bbox 1558 4446 1793 4505; x_wconf 89' lang='lat' dir='ltr'>felicitas</span> <span class='ocrx_word' id='word_1_186' title='bbox 2082 4465 2188 4503; x_wconf 82' lang='lat'>201</span> 
     </span>
     <span class='ocr_line' id='line_1_47' title="bbox 1103 4525 2194 4604; baseline -0.003 -17"><span class='ocrx_word' id='word_1_187' title='bbox 1103 4528 1303 4587; x_wconf 70' lang='lat' dir='ltr'>animo</span> <span class='ocrx_word' id='word_1_188' title='bbox 1343 4527 1665 4587; x_wconf 83' lang='lat' dir='ltr'>miserrimae</span> <span class='ocrx_word' id='word_1_189' title='bbox 1699 4547 1834 4586; x_wconf 90' lang='lat' dir='ltr'>num</span> <span class='ocrx_word' id='word_1_190' title='bbox 1864 4525 2004 4585; x_wconf 88' lang='lat' dir='ltr'>mori</span> <span class='ocrx_word' id='word_1_191' title='bbox 2031 4545 2194 4604; x_wconf 86' lang='lat' dir='ltr'>expe-</span> 
     </span>
     <span class='ocr_line' id='line_1_48' title="bbox 1186 4607 2194 4686; baseline -0.003 -20"><span class='ocrx_word' id='word_1_192' title='bbox 1186 4621 1309 4668; x_wconf 84' lang='lat' dir='ltr'>tant</span> <span class='ocrx_word' id='word_1_193' title='bbox 1853 4607 1969 4666; x_wconf 88' lang='lat' dir='ltr'>Fic.</span> <span class='ocrx_word' id='word_1_194' title='bbox 1999 4627 2053 4686; x_wconf 92' lang='lat' dir='ltr'>p.</span> <span class='ocrx_word' id='word_1_195' title='bbox 2085 4626 2105 4664; x_wconf 95' lang='lat'>1</span> <span class='ocrx_word' id='word_1_196' title='bbox 2127 4627 2194 4684; x_wconf 88' lang='lat'>19</span> 
     </span>
     <span class='ocr_line' id='line_1_49' title="bbox 1103 4687 2191 4767; baseline -0.003 -19"><span class='ocrx_word' id='word_1_197' title='bbox 1103 4691 1304 4749; x_wconf 83' lang='lat' dir='ltr'>animae</span> <span class='ocrx_word' id='word_1_198' title='bbox 1331 4701 1390 4748; x_wconf 93' lang='lat' dir='ltr'>et</span> <span class='ocrx_word' id='word_1_199' title='bbox 1415 4708 1649 4767; x_wconf 89' lang='lat' dir='ltr'>corpora</span> <span class='ocrx_word' id='word_1_200' title='bbox 1672 4687 1865 4747; x_wconf 91' lang='lat' dir='ltr'>omnia</span> <span class='ocrx_word' id='word_1_201' title='bbox 1899 4689 2044 4766; x_wconf 87' lang='lat' dir='ltr'>apud</span> <span class='ocrx_word' id='word_1_202' title='bbox 2073 4688 2191 4746; x_wconf 89' lang='lat' dir='ltr'>De-</span> 
     </span>
     <span class='ocr_line' id='line_1_50' title="bbox 1182 4769 2192 4847; baseline -0.002 -18"><span class='ocrx_word' id='word_1_203' title='bbox 1182 4791 1276 4829; x_wconf 92' lang='lat' dir='ltr'>um</span> <span class='ocrx_word' id='word_1_204' title='bbox 1308 4783 1598 4830; x_wconf 86' lang='lat' dir='ltr'>numerata</span> <span class='ocrx_word' id='word_1_205' title='bbox 1845 4769 1965 4829; x_wconf 89' lang='lat' dir='ltr'>Fic.</span> <span class='ocrx_word' id='word_1_206' title='bbox 1995 4789 2050 4847; x_wconf 89' lang='lat' dir='ltr'>p.</span> <span class='ocrx_word' id='word_1_207' title='bbox 2073 4770 2192 4843; x_wconf 87' lang='lat'>448</span> 
     </span>
     <span class='ocr_line' id='line_1_51' title="bbox 1101 4851 2194 4927; baseline -0.004 -16"><span class='ocrx_word' id='word_1_208' title='bbox 1101 4851 1301 4911; x_wconf 66' lang='lat' dir='ltr'>animae</span> <span class='ocrx_word' id='word_1_209' title='bbox 1320 4851 1469 4910; x_wconf 90' lang='lat' dir='ltr'>circa</span> <span class='ocrx_word' id='word_1_210' title='bbox 1483 4852 1670 4909; x_wconf 90' lang='lat' dir='ltr'>Deum</span> <span class='ocrx_word' id='word_1_211' title='bbox 1690 4870 1812 4909; x_wconf 84' lang='lat' dir='ltr'>sese</span> <span class='ocrx_word' id='word_1_212' title='bbox 1829 4862 2050 4908; x_wconf 83' lang='lat' dir='ltr'>versant</span> <span class='ocrx_word' id='word_1_213' title='bbox 2081 4868 2194 4927; x_wconf 90' lang='lat'>109</span> 
     </span>
     <span class='ocr_line' id='line_1_52' title="bbox 1101 4930 2193 4992; baseline -0.003 0"><span class='ocrx_word' id='word_1_214' title='bbox 1101 4936 1305 4992; x_wconf 62' lang='lat' dir='ltr'>animas</span> <span class='ocrx_word' id='word_1_215' title='bbox 1351 4934 1410 4990; x_wconf 89' lang='lat' dir='ltr'>in</span> <span class='ocrx_word' id='word_1_216' title='bbox 1457 4946 1603 4992; x_wconf 90' lang='lat' dir='ltr'>terra</span> <span class='ocrx_word' id='word_1_217' title='bbox 1647 4944 1707 4990; x_wconf 92' lang='lat' dir='ltr'>et</span> <span class='ocrx_word' id='word_1_218' title='bbox 1752 4939 1881 4991; x_wconf 74' lang='lat' dir='ltr'>aere</span> <span class='ocrx_word' id='word_1_219' title='bbox 1927 4930 2193 4989; x_wconf 86' lang='lat' dir='ltr'>crassiore</span> 
     </span>
     <span class='ocr_line' id='line_1_53' title="bbox 1179 5010 2192 5095; baseline -0.004 -22"><span class='ocrx_word' id='word_1_220' title='bbox 1179 5016 1446 5095; x_wconf 78' lang='lat' dir='ltr'>degentes</span> <span class='ocrx_word' id='word_1_221' title='bbox 1472 5012 1725 5072; x_wconf 83' lang='lat' dir='ltr'>infelices</span> <span class='ocrx_word' id='word_1_222' title='bbox 1886 5010 2005 5070; x_wconf 87' lang='lat' dir='ltr'>Fic.</span> <span class='ocrx_word' id='word_1_223' title='bbox 2031 5033 2089 5091; x_wconf 90' lang='lat' dir='ltr'>p.</span> <span class='ocrx_word' id='word_1_224' title='bbox 2115 5029 2192 5089; x_wconf 92' lang='lat'>79</span> 
     </span>
     <span class='ocr_line' id='line_1_54' title="bbox 1098 5091 2191 5169; baseline -0.004 -14"><span class='ocrx_word' id='word_1_225' title='bbox 1098 5095 1303 5155; x_wconf 81' lang='lat' dir='ltr'>animae</span> <span class='ocrx_word' id='word_1_226' title='bbox 1353 5094 1578 5154; x_wconf 86' lang='lat' dir='ltr'>diversis</span> <span class='ocrx_word' id='word_1_227' title='bbox 1641 5091 1890 5151; x_wconf 85' lang='lat' dir='ltr'>moribus</span> <span class='ocrx_word' id='word_1_228' title='bbox 1944 5092 2191 5169; x_wconf 81' lang='lat' dir='ltr'>praeditae</span> 
     </span>
     <span class='ocr_line' id='line_1_55' title="bbox 1179 5172 2190 5255; baseline -0.005 -20"><span class='ocrx_word' id='word_1_229' title='bbox 1179 5177 1424 5235; x_wconf 81' lang='lat' dir='ltr'>diversos</span> <span class='ocrx_word' id='word_1_230' title='bbox 1442 5187 1646 5255; x_wconf 89' lang='lat' dir='ltr'>petunt</span> <span class='ocrx_word' id='word_1_231' title='bbox 1664 5172 1829 5231; x_wconf 81' lang='lat' dir='ltr'>caelos</span> <span class='ocrx_word' id='word_1_232' title='bbox 1856 5172 1975 5231; x_wconf 87' lang='lat' dir='ltr'>Fic.</span> <span class='ocrx_word' id='word_1_233' title='bbox 1994 5193 2052 5251; x_wconf 89' lang='lat' dir='ltr'>p.</span> <span class='ocrx_word' id='word_1_234' title='bbox 2072 5188 2190 5248; x_wconf 87' lang='grc'>510</span> 
     </span>
     <span class='ocr_line' id='line_1_56' title="bbox 1098 5252 2189 5333; baseline -0.005 -17"><span class='ocrx_word' id='word_1_235' title='bbox 1098 5260 1299 5316; x_wconf 83' lang='lat' dir='ltr'>animae</span> <span class='ocrx_word' id='word_1_236' title='bbox 1321 5257 1553 5316; x_wconf 74' lang='lat' dir='ltr'>diversae</span> <span class='ocrx_word' id='word_1_237' title='bbox 1575 5252 1743 5313; x_wconf 84' lang='lat' dir='ltr'>officii</span> <span class='ocrx_word' id='word_1_238' title='bbox 1763 5253 2033 5333; x_wconf 83' lang='lat' dir='ltr'>dignitate</span> <span class='ocrx_word' id='word_1_239' title='bbox 2052 5273 2189 5331; x_wconf 91' lang='lat' dir='ltr'>quo-</span> 
     </span>
     <span class='ocr_line' id='line_1_57' title="bbox 1179 5336 2186 5415; baseline -0.002 -19"><span class='ocrx_word' id='word_1_240' title='bbox 1179 5338 1347 5396; x_wconf 90' lang='lat' dir='ltr'>modo</span> <span class='ocrx_word' id='word_1_241' title='bbox 1374 5336 1788 5415; x_wconf 82' lang='lat' dir='ltr'>distinguantur</span> <span class='ocrx_word' id='word_1_242' title='bbox 2070 5336 2186 5410; x_wconf 86' lang='grc'>562</span> 
     </span>
     <span class='ocr_line' id='line_1_58' title="bbox 1100 5414 2187 5498; baseline -0.001 -23"><span class='ocrx_word' id='word_1_243' title='bbox 1100 5417 1301 5476; x_wconf 67' lang='lat' dir='ltr'>animae</span> <span class='ocrx_word' id='word_1_244' title='bbox 1327 5419 1568 5498; x_wconf 81' lang='lat' dir='ltr'>geminae</span> <span class='ocrx_word' id='word_1_245' title='bbox 1841 5414 1961 5475; x_wconf 87' lang='lat' dir='ltr'>Fic.</span> <span class='ocrx_word' id='word_1_246' title='bbox 1989 5435 2045 5494; x_wconf 89' lang='lat' dir='ltr'>p.</span> <span class='ocrx_word' id='word_1_247' title='bbox 2073 5434 2187 5491; x_wconf 91' lang='grc'>230</span> 
     </span>
     <span class='ocr_line' id='line_1_59' title="bbox 1098 5497 2187 5577; baseline -0.002 -21"><span class='ocrx_word' id='word_1_248' title='bbox 1098 5498 1186 5556; x_wconf 90' lang='lat' dir='ltr'>ani</span> <span class='ocrx_word' id='word_1_249' title='bbox 1194 5518 1300 5557; x_wconf 81' lang='lat' dir='ltr'>mae</span> <span class='ocrx_word' id='word_1_250' title='bbox 1315 5498 1606 5557; x_wconf 89' lang='lat' dir='ltr'>bominum</span> <span class='ocrx_word' id='word_1_251' title='bbox 1623 5499 1862 5577; x_wconf 86' lang='lat' dir='ltr'>geminae</span> <span class='ocrx_word' id='word_1_252' title='bbox 1871 5497 1986 5557; x_wconf 87' lang='lat' dir='ltr'>Fic.</span> <span class='ocrx_word' id='word_1_253' title='bbox 2002 5517 2057 5576; x_wconf 93' lang='lat' dir='ltr'>p.</span> <span class='ocrx_word' id='word_1_254' title='bbox 2073 5517 2103 5556; x_wconf 87' lang='lat'><em>2</em></span> <span class='ocrx_word' id='word_1_255' title='bbox 2114 5497 2187 5554; x_wconf 91' lang='grc'>28</span> 
     </span>
     <span class='ocr_line' id='line_1_60' title="bbox 1097 5577 2184 5658; baseline -0.002 -21"><span class='ocrx_word' id='word_1_256' title='bbox 1097 5578 1300 5638; x_wconf 81' lang='lat' dir='ltr'>animae</span> <span class='ocrx_word' id='word_1_257' title='bbox 1325 5599 1425 5639; x_wconf 89' lang='lat' dir='ltr'>cur</span> <span class='ocrx_word' id='word_1_258' title='bbox 1449 5577 1863 5658; x_wconf 86' lang='lat' dir='ltr'>compatiantur</span> <span class='ocrx_word' id='word_1_259' title='bbox 2069 5594 2184 5656; x_wconf 84' lang='lat'>377</span> 
     </span>
    </p>
   </div>
   <div class='ocr_carea' id='block_1_3' title="bbox 2279 636 3379 1346">
    <p class='ocr_par' dir='ltr' id='par_1_6' title="bbox 2283 636 3378 959">
     <span class='ocr_line' id='line_1_61' title="bbox 2286 636 3374 717; baseline -0.001 -19"><span class='ocrx_word' id='word_1_260' title='bbox 2286 642 2490 698; x_wconf 83' lang='lat' dir='ltr'>animae</span> <span class='ocrx_word' id='word_1_261' title='bbox 2519 640 2671 697; x_wconf 91' lang='lat' dir='ltr'>unde</span> <span class='ocrx_word' id='word_1_262' title='bbox 2696 636 2927 697; x_wconf 81' lang='lat' dir='ltr'>veniant</span> <span class='ocrx_word' id='word_1_263' title='bbox 3031 639 3151 698; x_wconf 90' lang='lat' dir='ltr'>Fic.</span> <span class='ocrx_word' id='word_1_264' title='bbox 3180 657 3237 717; x_wconf 94' lang='lat' dir='ltr'>p.</span> <span class='ocrx_word' id='word_1_265' title='bbox 3259 639 3374 716; x_wconf 84' lang='lat'>653</span> 
     </span>
     <span class='ocr_line' id='line_1_62' title="bbox 2284 718 3372 797; baseline -0.001 -18"><span class='ocrx_word' id='word_1_266' title='bbox 2284 720 2485 779; x_wconf 80' lang='lat' dir='ltr'>animae</span> <span class='ocrx_word' id='word_1_267' title='bbox 2514 740 2585 779; x_wconf 94' lang='lat' dir='ltr'>an</span> <span class='ocrx_word' id='word_1_268' title='bbox 2617 739 2851 778; x_wconf 90' lang='lat' dir='ltr'>numero</span> <span class='ocrx_word' id='word_1_269' title='bbox 2880 718 3067 797; x_wconf 88' lang='lat' dir='ltr'>plures</span> <span class='ocrx_word' id='word_1_270' title='bbox 3259 720 3372 779; x_wconf 89' lang='grc'>661</span> 
     </span>
     <span class='ocr_line' id='line_1_63' title="bbox 2283 800 3378 879; baseline -0.001 -19"><span class='ocrx_word' id='word_1_271' title='bbox 2283 800 2484 860; x_wconf 81' lang='lat' dir='ltr'>animae</span> <span class='ocrx_word' id='word_1_272' title='bbox 2511 820 2684 878; x_wconf 89' lang='lat' dir='ltr'>quare</span> <span class='ocrx_word' id='word_1_273' title='bbox 2708 813 2992 879; x_wconf 89' lang='lat' dir='ltr'>ponantur</span> <span class='ocrx_word' id='word_1_274' title='bbox 3019 800 3208 859; x_wconf 80' lang='lat' dir='ltr'>multae</span> <span class='ocrx_word' id='word_1_275' title='bbox 3260 802 3378 876; x_wconf 93' lang='lat'>664</span> 
     </span>
     <span class='ocr_line' id='line_1_64' title="bbox 2284 882 3377 959; baseline -0.002 -18"><span class='ocrx_word' id='word_1_276' title='bbox 2284 884 2490 941; x_wconf 61' lang='lat' dir='ltr'>animas</span> <span class='ocrx_word' id='word_1_277' title='bbox 2529 901 2786 959; x_wconf 81' lang='lat' dir='ltr'>quaenam</span> <span class='ocrx_word' id='word_1_278' title='bbox 2814 893 2874 940; x_wconf 90' lang='lat' dir='ltr'>et</span> <span class='ocrx_word' id='word_1_279' title='bbox 2899 901 3012 959; x_wconf 90' lang='lat' dir='ltr'>quo</span> <span class='ocrx_word' id='word_1_280' title='bbox 3039 882 3226 941; x_wconf 90' lang='lat' dir='ltr'>medio</span> <span class='ocrx_word' id='word_1_281' title='bbox 3261 883 3377 940; x_wconf 87' lang='lat' dir='ltr'>fru-</span> 
     </span>
    </p>

    <p class='ocr_par' dir='ltr' id='par_1_7' title="bbox 2279 962 3377 1124">
     <span class='ocr_line' id='line_1_65' title="bbox 2361 962 3368 1039; baseline -0.002 -16"><span class='ocrx_word' id='word_1_282' title='bbox 2361 975 2529 1023; x_wconf 87' lang='lat' dir='ltr'>antur</span> <span class='ocrx_word' id='word_1_283' title='bbox 2557 962 2770 1021; x_wconf 89' lang='lat' dir='ltr'>mundo</span> <span class='ocrx_word' id='word_1_284' title='bbox 2797 962 2982 1021; x_wconf 85' lang='lat' dir='ltr'>divino</span> <span class='ocrx_word' id='word_1_285' title='bbox 3259 979 3368 1039; x_wconf 89' lang='grc'>551</span> 
     </span>
     <span class='ocr_line' id='line_1_66' title="bbox 2279 1043 3377 1124; baseline -0.001 -21"><span class='ocrx_word' id='word_1_286' title='bbox 2279 1043 2485 1103; x_wconf 79' lang='lat' dir='ltr'>animae</span> <span class='ocrx_word' id='word_1_287' title='bbox 2515 1063 2631 1102; x_wconf 87' lang='lat' dir='ltr'>non</span> <span class='ocrx_word' id='word_1_288' title='bbox 2660 1057 2957 1124; x_wconf 85' lang='lat' dir='ltr'>coguntur,</span> <span class='ocrx_word' id='word_1_289' title='bbox 2986 1056 3052 1101; x_wconf 89' lang='lat' dir='ltr'>ut</span> <span class='ocrx_word' id='word_1_290' title='bbox 3076 1062 3137 1102; x_wconf 92' lang='lat' dir='ltr'>se</span> <span class='ocrx_word' id='word_1_291' title='bbox 3165 1045 3377 1103; x_wconf 88' lang='lat' dir='ltr'>mundo</span> 
     </span>
    </p>

    <p class='ocr_par' dir='ltr' id='par_1_8' title="bbox 2280 1125 3379 1346">
     <span class='ocr_line' id='line_1_67' title="bbox 2361 1125 3379 1203; baseline -0.001 -19"><span class='ocrx_word' id='word_1_292' title='bbox 2361 1125 2699 1203; x_wconf 85' lang='lat' dir='ltr'>immergant</span> <span class='ocrx_word' id='word_1_293' title='bbox 3263 1126 3379 1197; x_wconf 84' lang='lat'>264</span> 
     </span>
     <span class='ocr_line' id='line_1_68' title="bbox 2281 1205 3378 1281; baseline -0.001 -17"><span class='ocrx_word' id='word_1_294' title='bbox 2281 1206 2481 1264; x_wconf 82' lang='lat' dir='ltr'>anirnae</span> <span class='ocrx_word' id='word_1_295' title='bbox 2510 1225 2610 1264; x_wconf 92' lang='lat' dir='ltr'>cur</span> <span class='ocrx_word' id='word_1_296' title='bbox 2637 1205 2779 1265; x_wconf 88' lang='lat' dir='ltr'>adeo</span> <span class='ocrx_word' id='word_1_297' title='bbox 2804 1205 3031 1265; x_wconf 80' lang='lat' dir='ltr'>diversae</span> <span class='ocrx_word' id='word_1_298' title='bbox 3260 1206 3378 1281; x_wconf 89' lang='grc'>376</span> 
     </span>
     <span class='ocr_line' id='line_1_69' title="bbox 2280 1285 3378 1346; baseline -0.001 0"><span class='ocrx_word' id='word_1_299' title='bbox 2280 1287 2484 1346; x_wconf 70' lang='lat' dir='ltr'>animae</span> <span class='ocrx_word' id='word_1_300' title='bbox 2522 1286 2746 1346; x_wconf 73' lang='lat' dir='ltr'>caeleste</span> <span class='ocrx_word' id='word_1_301' title='bbox 2784 1286 3104 1346; x_wconf 76' lang='lat' dir='ltr'>vehiculum</span> <span class='ocrx_word' id='word_1_302' title='bbox 3148 1285 3235 1345; x_wconf 81' lang='lat' dir='ltr'>vix</span> <span class='ocrx_word' id='word_1_303' title='bbox 3276 1287 3378 1345; x_wconf 88' lang='lat' dir='ltr'>de-</span> 
     </span>
    </p>
   </div>
   <div class='ocr_carea' id='block_1_4' title="bbox 2281 1368 3377 1624">
    <p class='ocr_par' dir='ltr' id='par_1_9' title="bbox 2281 1368 3377 1624">
     <span class='ocr_line' id='line_1_70' title="bbox 2365 1368 3377 1446; baseline 0.001 -20"><span class='ocrx_word' id='word_1_304' title='bbox 2365 1381 2587 1446; x_wconf 89' lang='lat' dir='ltr'>ponunt</span> <span class='ocrx_word' id='word_1_305' title='bbox 3030 1368 3147 1426; x_wconf 84' lang='lat' dir='ltr'>Fic.</span> <span class='ocrx_word' id='word_1_306' title='bbox 3179 1388 3235 1446; x_wconf 90' lang='lat' dir='ltr'>p.</span> <span class='ocrx_word' id='word_1_307' title='bbox 3259 1387 3377 1444; x_wconf 83' lang='lat'>354</span> 
     </span>
     <span class='ocr_line' id='line_1_71' title="bbox 2281 1448 3374 1526; baseline -0.002 -18"><span class='ocrx_word' id='word_1_308' title='bbox 2281 1448 2482 1508; x_wconf 81' lang='lat' dir='ltr'>animae</span> <span class='ocrx_word' id='word_1_309' title='bbox 2524 1468 2723 1507; x_wconf 89' lang='lat' dir='ltr'>omnes</span> <span class='ocrx_word' id='word_1_310' title='bbox 2764 1468 2943 1507; x_wconf 89' lang='lat' dir='ltr'>unum</span> <span class='ocrx_word' id='word_1_311' title='bbox 2980 1449 3246 1526; x_wconf 89' lang='lat' dir='ltr'>quiddam</span> <span class='ocrx_word' id='word_1_312' title='bbox 3278 1449 3374 1507; x_wconf 89' lang='lat' dir='ltr'>tri-</span> 
     </span>
     <span class='ocr_line' id='line_1_72' title="bbox 2358 1528 3375 1624; baseline 0 -36"><span class='ocrx_word' id='word_1_313' title='bbox 2358 1529 2490 1624; x_wconf 84' lang='lat' dir='ltr'>plici</span> <span class='ocrx_word' id='word_1_314' title='bbox 2521 1529 2736 1589; x_wconf 89' lang='lat' dir='ltr'>ratione</span> <span class='ocrx_word' id='word_1_315' title='bbox 3034 1528 3149 1588; x_wconf 86' lang='lat' dir='ltr'>Fic.</span> <span class='ocrx_word' id='word_1_316' title='bbox 3178 1551 3234 1607; x_wconf 91' lang='lat' dir='ltr'>p.</span> <span class='ocrx_word' id='word_1_317' title='bbox 3257 1531 3375 1590; x_wconf 84' lang='lat'>680</span> 
     </span>
    </p>
   </div>
   <div class='ocr_carea' id='block_1_5' title="bbox 2265 1610 3378 5558">
    <p class='ocr_par' dir='ltr' id='par_1_10' title="bbox 2265 1610 3378 5558">
     <span class='ocr_line' id='line_1_73' title="bbox 2282 1610 3375 1670; baseline -0.001 -1"><span class='ocrx_word' id='word_1_318' title='bbox 2282 1630 2484 1669; x_wconf 82' lang='lat' dir='ltr'>ammae</span> <span class='ocrx_word' id='word_1_319' title='bbox 2546 1624 2754 1670; x_wconf 84' lang='lat' dir='ltr'>nostrae</span> <span class='ocrx_word' id='word_1_320' title='bbox 2811 1611 3000 1670; x_wconf 87' lang='lat' dir='ltr'>sintne</span> <span class='ocrx_word' id='word_1_321' title='bbox 3055 1630 3125 1669; x_wconf 80' lang='lat' dir='ltr'>ex</span> <span class='ocrx_word' id='word_1_322' title='bbox 3182 1610 3375 1670; x_wconf 91' lang='lat' dir='ltr'>mundi</span> 
     </span>
     <span class='ocr_line' id='line_1_74' title="bbox 2362 1692 3373 1769; baseline 0.001 -19"><span class='ocrx_word' id='word_1_323' title='bbox 2362 1692 2553 1751; x_wconf 86' lang='lat' dir='ltr'>anima</span> <span class='ocrx_word' id='word_1_324' title='bbox 3258 1709 3373 1769; x_wconf 88' lang='grc'>372</span> 
     </span>
     <span class='ocr_line' id='line_1_75' title="bbox 2280 1771 3378 1833; baseline 0 -2"><span class='ocrx_word' id='word_1_325' title='bbox 2280 1773 2484 1832; x_wconf 79' lang='lat' dir='ltr'>animae</span> <span class='ocrx_word' id='word_1_326' title='bbox 2513 1772 2814 1833; x_wconf 87' lang='lat' dir='ltr'>rationales</span> <span class='ocrx_word' id='word_1_327' title='bbox 2836 1793 2870 1832; x_wconf 92' lang='lat' dir='ltr'>a</span> <span class='ocrx_word' id='word_1_328' title='bbox 2889 1771 3185 1832; x_wconf 89' lang='lat' dir='ltr'>seminaria</span> <span class='ocrx_word' id='word_1_329' title='bbox 3212 1772 3378 1832; x_wconf 89' lang='lat' dir='ltr'>ratio-</span> 
     </span>
     <span class='ocr_line' id='line_1_76' title="bbox 2363 1853 3375 1935; baseline 0 -22"><span class='ocrx_word' id='word_1_330' title='bbox 2363 1874 2435 1913; x_wconf 88' lang='lat' dir='ltr'>ne</span> <span class='ocrx_word' id='word_1_331' title='bbox 2460 1867 2740 1934; x_wconf 87' lang='lat' dir='ltr'>coguntur</span> <span class='ocrx_word' id='word_1_332' title='bbox 3018 1853 3136 1913; x_wconf 88' lang='lat' dir='ltr'>Fic.</span> <span class='ocrx_word' id='word_1_333' title='bbox 3173 1876 3231 1935; x_wconf 92' lang='lat' dir='ltr'>p.</span> <span class='ocrx_word' id='word_1_334' title='bbox 3257 1855 3375 1913; x_wconf 88' lang='grc'>628</span> 
     </span>
     <span class='ocr_line' id='line_1_77' title="bbox 2282 1933 3377 1995; baseline 0.001 -1"><span class='ocrx_word' id='word_1_335' title='bbox 2282 1936 2482 1994; x_wconf 82' lang='lat' dir='ltr'>animae</span> <span class='ocrx_word' id='word_1_336' title='bbox 2503 1937 2795 1995; x_wconf 89' lang='lat' dir='ltr'>brutorum</span> <span class='ocrx_word' id='word_1_337' title='bbox 2823 1934 3011 1995; x_wconf 88' lang='lat' dir='ltr'>sintne</span> <span class='ocrx_word' id='word_1_338' title='bbox 3031 1933 3377 1995; x_wconf 88' lang='lat' dir='ltr'>immortales</span> 
     </span>
     <span class='ocr_line' id='line_1_78' title="bbox 3030 2016 3376 2096; baseline 0.003 -21"><span class='ocrx_word' id='word_1_339' title='bbox 3030 2016 3146 2075; x_wconf 84' lang='lat' dir='ltr'>Fic.</span> <span class='ocrx_word' id='word_1_340' title='bbox 3177 2037 3233 2096; x_wconf 91' lang='lat' dir='ltr'>p.</span> <span class='ocrx_word' id='word_1_341' title='bbox 3260 2017 3376 2094; x_wconf 89' lang='grc'>508</span> 
     </span>
     <span class='ocr_line' id='line_1_79' title="bbox 2280 2096 3373 2177; baseline 0 -22"><span class='ocrx_word' id='word_1_342' title='bbox 2280 2096 2483 2156; x_wconf 84' lang='lat' dir='ltr'>animae</span> <span class='ocrx_word' id='word_1_343' title='bbox 2506 2096 2753 2177; x_wconf 85' lang='lat' dir='ltr'>triplices</span> <span class='ocrx_word' id='word_1_344' title='bbox 3074 2097 3190 2155; x_wconf 86' lang='lat' dir='ltr'>Fic.</span> <span class='ocrx_word' id='word_1_345' title='bbox 3220 2117 3274 2175; x_wconf 91' lang='lat' dir='ltr'>p.</span> <span class='ocrx_word' id='word_1_346' title='bbox 3298 2114 3373 2174; x_wconf 84' lang='lat'>35</span> 
     </span>
     <span class='ocr_line' id='line_1_80' title="bbox 2281 2177 3378 2256; baseline 0 -19"><span class='ocrx_word' id='word_1_347' title='bbox 2281 2178 2483 2237; x_wconf 81' lang='lat' dir='ltr'>animae</span> <span class='ocrx_word' id='word_1_348' title='bbox 2538 2197 2867 2237; x_wconf 88' lang='lat' dir='ltr'>communes</span> <span class='ocrx_word' id='word_1_349' title='bbox 2913 2190 2973 2237; x_wconf 89' lang='lat' dir='ltr'>et</span> <span class='ocrx_word' id='word_1_350' title='bbox 3019 2177 3378 2256; x_wconf 87' lang='lat' dir='ltr'>particulares</span> 
     </span>
     <span class='ocr_line' id='line_1_81' title="bbox 2361 2258 3376 2337; baseline -0.003 -18"><span class='ocrx_word' id='word_1_351' title='bbox 2361 2258 2735 2319; x_wconf 84' lang='lat' dir='ltr'>diversimode</span> <span class='ocrx_word' id='word_1_352' title='bbox 2757 2258 3155 2319; x_wconf 88' lang='lat' dir='ltr'>beatitudinem</span> <span class='ocrx_word' id='word_1_353' title='bbox 3185 2261 3376 2337; x_wconf 89' lang='lat' dir='ltr'>acqui-</span> 
     </span>
     <span class='ocr_line' id='line_1_82' title="bbox 2364 2340 3376 2419; baseline 0.001 -21"><span class='ocrx_word' id='word_1_354' title='bbox 2364 2353 2495 2398; x_wconf 90' lang='lat' dir='ltr'>runt</span> <span class='ocrx_word' id='word_1_355' title='bbox 3032 2340 3150 2399; x_wconf 90' lang='lat' dir='ltr'>Fic.</span> <span class='ocrx_word' id='word_1_356' title='bbox 3177 2360 3231 2419; x_wconf 93' lang='lat' dir='ltr'>p.</span> <span class='ocrx_word' id='word_1_357' title='bbox 3256 2359 3376 2416; x_wconf 92' lang='grc'>434</span> 
     </span>
     <span class='ocr_line' id='line_1_83' title="bbox 2281 2418 3374 2500; baseline -0.001 -19"><span class='ocrx_word' id='word_1_358' title='bbox 2281 2420 2482 2481; x_wconf 85' lang='lat' dir='ltr'>animae</span> <span class='ocrx_word' id='word_1_359' title='bbox 2534 2418 2733 2498; x_wconf 91' lang='lat' dir='ltr'>quibus</span> <span class='ocrx_word' id='word_1_360' title='bbox 2787 2420 3049 2500; x_wconf 87' lang='lat' dir='ltr'>gradibus</span> <span class='ocrx_word' id='word_1_361' title='bbox 3110 2434 3245 2480; x_wconf 90' lang='lat' dir='ltr'>eant</span> <span class='ocrx_word' id='word_1_362' title='bbox 3304 2422 3374 2480; x_wconf 88' lang='lat' dir='ltr'>ad</span> 
     </span>
     <span class='ocr_line' id='line_1_84' title="bbox 2361 2501 3372 2581; baseline 0.003 -22"><span class='ocrx_word' id='word_1_363' title='bbox 2361 2515 2508 2560; x_wconf 84' lang='lat' dir='ltr'>astra</span> <span class='ocrx_word' id='word_1_364' title='bbox 3032 2501 3150 2561; x_wconf 90' lang='lat' dir='ltr'>Fic.</span> <span class='ocrx_word' id='word_1_365' title='bbox 3176 2523 3233 2581; x_wconf 92' lang='lat' dir='ltr'>p.</span> <span class='ocrx_word' id='word_1_366' title='bbox 3255 2520 3372 2577; x_wconf 86' lang='lat'>432</span> 
     </span>
     <span class='ocr_line' id='line_1_85' title="bbox 2281 2581 3373 2661; baseline 0 -20"><span class='ocrx_word' id='word_1_367' title='bbox 2281 2585 2485 2641; x_wconf 69' lang='lat' dir='ltr'>animm</span> <span class='ocrx_word' id='word_1_368' title='bbox 2545 2581 2846 2642; x_wconf 85' lang='lat' dir='ltr'>rationales</span> <span class='ocrx_word' id='word_1_369' title='bbox 2901 2583 2970 2642; x_wconf 89' lang='lat' dir='ltr'>ad</span> <span class='ocrx_word' id='word_1_370' title='bbox 3025 2582 3373 2661; x_wconf 85' lang='lat' dir='ltr'>peccandum</span> 
     </span>
     <span class='ocr_line' id='line_1_86' title="bbox 2363 2664 3375 2743; baseline 0 -21"><span class='ocrx_word' id='word_1_371' title='bbox 2363 2683 2477 2722; x_wconf 91' lang='lat' dir='ltr'>non</span> <span class='ocrx_word' id='word_1_372' title='bbox 2503 2677 2782 2743; x_wconf 89' lang='lat' dir='ltr'>coguntur</span> <span class='ocrx_word' id='word_1_373' title='bbox 3025 2664 3141 2724; x_wconf 81' lang='lat' dir='ltr'>Fic.</span> <span class='ocrx_word' id='word_1_374' title='bbox 3174 2685 3231 2742; x_wconf 90' lang='lat' dir='ltr'>p.</span> <span class='ocrx_word' id='word_1_375' title='bbox 3254 2664 3375 2739; x_wconf 87' lang='lat'>436</span> 
     </span>
     <span class='ocr_line' id='line_1_87' title="bbox 2280 2744 3373 2822; baseline -0.001 -19"><span class='ocrx_word' id='word_1_376' title='bbox 2280 2745 2481 2803; x_wconf 72' lang='lat' dir='ltr'>animae</span> <span class='ocrx_word' id='word_1_377' title='bbox 2524 2764 2721 2804; x_wconf 86' lang='lat' dir='ltr'>omnes</span> <span class='ocrx_word' id='word_1_378' title='bbox 2760 2744 2820 2802; x_wconf 91' lang='lat' dir='ltr'>in</span> <span class='ocrx_word' id='word_1_379' title='bbox 2862 2746 3045 2822; x_wconf 89' lang='lat' dir='ltr'>primo</span> <span class='ocrx_word' id='word_1_380' title='bbox 3087 2745 3373 2804; x_wconf 89' lang='lat' dir='ltr'>intellectu</span> 
     </span>
     <span class='ocr_line' id='line_1_88' title="bbox 2360 2824 3372 2904; baseline -0.001 -20"><span class='ocrx_word' id='word_1_381' title='bbox 2360 2827 2648 2904; x_wconf 90' lang='lat' dir='ltr'>quomodo</span> <span class='ocrx_word' id='word_1_382' title='bbox 2695 2824 3033 2885; x_wconf 88' lang='lat' dir='ltr'>conveniant</span> <span class='ocrx_word' id='word_1_383' title='bbox 3077 2825 3372 2894; x_wconf 87' lang='lat' dir='ltr'>similibus,</span> 
     </span>
     <span class='ocr_line' id='line_1_89' title="bbox 2359 2905 3367 2986; baseline 0.001 -22"><span class='ocrx_word' id='word_1_384' title='bbox 2359 2905 2676 2964; x_wconf 89' lang='lat' dir='ltr'>ostenditur</span> <span class='ocrx_word' id='word_1_385' title='bbox 3030 2907 3147 2966; x_wconf 87' lang='lat' dir='ltr'>Fic.</span> <span class='ocrx_word' id='word_1_386' title='bbox 3178 2928 3233 2986; x_wconf 93' lang='lat' dir='ltr'>p.</span> <span class='ocrx_word' id='word_1_387' title='bbox 3253 2907 3367 2984; x_wconf 90' lang='lat'>663</span> 
     </span>
     <span class='ocr_line' id='line_1_90' title="bbox 2279 2988 3374 3065; baseline 0.003 -21"><span class='ocrx_word' id='word_1_388' title='bbox 2279 2988 2485 3044; x_wconf 78' lang='lat' dir='ltr'>animae</span> <span class='ocrx_word' id='word_1_389' title='bbox 2531 2999 2591 3045; x_wconf 92' lang='lat' dir='ltr'>et</span> <span class='ocrx_word' id='word_1_390' title='bbox 2639 2999 2858 3046; x_wconf 81' lang='lat' dir='ltr'>mentes</span> <span class='ocrx_word' id='word_1_391' title='bbox 2901 2989 3188 3065; x_wconf 89' lang='lat' dir='ltr'>quomodo</span> <span class='ocrx_word' id='word_1_392' title='bbox 3235 3008 3374 3047; x_wconf 89' lang='lat' dir='ltr'>con-</span> 
     </span>
     <span class='ocr_line' id='line_1_91' title="bbox 2350 3067 3374 3160; baseline 0.005 -36"><span class='ocrx_word' id='word_1_393' title='bbox 2350 3071 2565 3160; x_wconf 75' lang='lat' dir='ltr'>junctae</span> <span class='ocrx_word' id='word_1_394' title='bbox 2591 3081 2651 3127; x_wconf 89' lang='lat' dir='ltr'>et</span> <span class='ocrx_word' id='word_1_395' title='bbox 2676 3067 2956 3127; x_wconf 59' lang='lat' dir='ltr'>distinctas</span> <span class='ocrx_word' id='word_1_396' title='bbox 3254 3070 3374 3145; x_wconf 89' lang='lat'>646</span> 
     </span>
     <span class='ocr_line' id='line_1_92' title="bbox 2279 3162 3375 3228; baseline 0.004 -23"><span class='ocrx_word' id='word_1_397' title='bbox 2279 3166 2482 3207; x_wconf 79' lang='lat' dir='ltr'>animae</span> <span class='ocrx_word' id='word_1_398' title='bbox 2510 3169 2795 3227; x_wconf 89' lang='lat' dir='ltr'>nunquam</span> <span class='ocrx_word' id='word_1_399' title='bbox 2825 3162 2980 3207; x_wconf 80' lang='lat' dir='ltr'>extra</span> <span class='ocrx_word' id='word_1_400' title='bbox 3002 3169 3206 3228; x_wconf 86' lang='lat' dir='ltr'>corpus</span> <span class='ocrx_word' id='word_1_401' title='bbox 3241 3163 3375 3209; x_wconf 89' lang='lat' dir='ltr'>sunt</span> 
     </span>
     <span class='ocr_line' id='line_1_93' title="bbox 2361 3230 3374 3308; baseline 0.002 -21"><span class='ocrx_word' id='word_1_402' title='bbox 2361 3230 2710 3308; x_wconf 89' lang='lat' dir='ltr'>quorundam</span> <span class='ocrx_word' id='word_1_403' title='bbox 2738 3230 3018 3288; x_wconf 85' lang='lat' dir='ltr'>sententia</span> <span class='ocrx_word' id='word_1_404' title='bbox 3257 3247 3374 3306; x_wconf 88' lang='grc'>374</span> 
     </span>
     <span class='ocr_line' id='line_1_94' title="bbox 2278 3309 3372 3390; baseline 0.001 -19"><span class='ocrx_word' id='word_1_405' title='bbox 2278 3309 2482 3371; x_wconf 82' lang='lat' dir='ltr'>animae</span> <span class='ocrx_word' id='word_1_406' title='bbox 2507 3312 2871 3390; x_wconf 84' lang='lat' dir='ltr'>particulares</span> <span class='ocrx_word' id='word_1_407' title='bbox 2899 3314 2971 3371; x_wconf 91' lang='lat' dir='ltr'>ab</span> <span class='ocrx_word' id='word_1_408' title='bbox 2991 3311 3180 3372; x_wconf 88' lang='lat' dir='ltr'>anima</span> <span class='ocrx_word' id='word_1_409' title='bbox 3208 3333 3372 3372; x_wconf 90' lang='lat' dir='ltr'>mun-</span> 
     </span>
     <span class='ocr_line' id='line_1_95' title="bbox 2360 3393 3370 3472; baseline 0.002 -22"><span class='ocrx_word' id='word_1_410' title='bbox 2360 3393 2418 3450; x_wconf 88' lang='lat' dir='ltr'>di</span> <span class='ocrx_word' id='word_1_411' title='bbox 2443 3394 2795 3452; x_wconf 87' lang='lat' dir='ltr'>descendunt</span> <span class='ocrx_word' id='word_1_412' title='bbox 3034 3393 3151 3452; x_wconf 90' lang='lat' dir='ltr'>Fic.</span> <span class='ocrx_word' id='word_1_413' title='bbox 3177 3414 3234 3471; x_wconf 92' lang='lat' dir='ltr'>p.</span> <span class='ocrx_word' id='word_1_414' title='bbox 3256 3395 3370 3472; x_wconf 91' lang='grc'>652</span> 
     </span>
     <span class='ocr_line' id='line_1_96' title="bbox 2278 3473 3374 3553; baseline 0.002 -21"><span class='ocrx_word' id='word_1_415' title='bbox 2278 3473 2479 3533; x_wconf 82' lang='lat' dir='ltr'>animae</span> <span class='ocrx_word' id='word_1_416' title='bbox 2505 3474 2794 3553; x_wconf 90' lang='lat' dir='ltr'>quomodo</span> <span class='ocrx_word' id='word_1_417' title='bbox 2818 3473 3003 3533; x_wconf 84' lang='lat' dir='ltr'>vivant</span> <span class='ocrx_word' id='word_1_418' title='bbox 3028 3487 3086 3533; x_wconf 91' lang='lat' dir='ltr'>et</span> <span class='ocrx_word' id='word_1_419' title='bbox 3112 3473 3374 3534; x_wconf 87' lang='lat' dir='ltr'>differant</span> 
     </span>
     <span class='ocr_line' id='line_1_97' title="bbox 2277 3635 3370 3714; baseline 0 -18"><span class='ocrx_word' id='word_1_420' title='bbox 2277 3635 2589 3696; x_wconf 88' lang='lat' dir='ltr'>animarum</span> <span class='ocrx_word' id='word_1_421' title='bbox 2653 3649 2809 3696; x_wconf 89' lang='lat' dir='ltr'>ortus</span> <span class='ocrx_word' id='word_1_422' title='bbox 2869 3636 3068 3714; x_wconf 88' lang='lat' dir='ltr'>qualis,</span> <span class='ocrx_word' id='word_1_423' title='bbox 3125 3653 3370 3696; x_wconf 81' lang='lat' dir='ltr'>veterum</span> 
     </span>
     <span class='ocr_line' id='line_1_98' title="bbox 2357 3717 3364 3797; baseline 0.001 -21"><span class='ocrx_word' id='word_1_424' title='bbox 2357 3719 2637 3777; x_wconf 85' lang='lat' dir='ltr'>sententia</span> <span class='ocrx_word' id='word_1_425' title='bbox 3028 3717 3145 3777; x_wconf 88' lang='lat' dir='ltr'>Fic.</span> <span class='ocrx_word' id='word_1_426' title='bbox 3177 3740 3231 3797; x_wconf 93' lang='lat' dir='ltr'>p.</span> <span class='ocrx_word' id='word_1_427' title='bbox 3256 3737 3364 3795; x_wconf 83' lang='lat'>351</span> 
     </span>
     <span class='ocr_line' id='line_1_99' title="bbox 2276 3798 3374 3879; baseline 0.001 -22"><span class='ocrx_word' id='word_1_428' title='bbox 2276 3798 3374 3879; x_wconf 81' lang='lat' dir='ltr'>animarumdescendentiumfigurae384</span> 
     </span>
     <span class='ocr_line' id='line_1_100' title="bbox 2276 3879 3371 3974; baseline 0.003 -37"><span class='ocrx_word' id='word_1_429' title='bbox 2276 3879 2587 3938; x_wconf 90' lang='lat' dir='ltr'>animarum</span> <span class='ocrx_word' id='word_1_430' title='bbox 2617 3880 2940 3960; x_wconf 87' lang='lat' dir='ltr'>punitiones</span> <span class='ocrx_word' id='word_1_431' title='bbox 2966 3879 3157 3974; x_wconf 87' lang='lat' dir='ltr'>quales</span> <span class='ocrx_word' id='word_1_432' title='bbox 3253 3901 3371 3955; x_wconf 90' lang='lat'>440</span> 
     </span>
     <span class='ocr_line' id='line_1_101' title="bbox 2275 3959 3373 4041; baseline 0.003 -23"><span class='ocrx_word' id='word_1_433' title='bbox 2275 3959 2588 4019; x_wconf 90' lang='lat' dir='ltr'>animarum</span> <span class='ocrx_word' id='word_1_434' title='bbox 2643 3980 2710 4019; x_wconf 81' lang='lat' dir='ltr'>ex</span> <span class='ocrx_word' id='word_1_435' title='bbox 2766 3959 3105 4041; x_wconf 82' lang='lat' dir='ltr'>intelligibili</span> <span class='ocrx_word' id='word_1_436' title='bbox 3161 3963 3373 4021; x_wconf 88' lang='lat' dir='ltr'>mundo</span> 
     </span>
     <span class='ocr_line' id='line_1_102' title="bbox 2356 4041 3367 4119; baseline 0.001 -19"><span class='ocrx_word' id='word_1_437' title='bbox 2356 4041 2654 4101; x_wconf 86' lang='lat' dir='ltr'>declinatio</span> <span class='ocrx_word' id='word_1_438' title='bbox 3254 4044 3367 4119; x_wconf 93' lang='grc'>383</span> 
     </span>
     <span class='ocr_line' id='line_1_103' title="bbox 2276 4121 3367 4199; baseline 0.002 -19"><span class='ocrx_word' id='word_1_439' title='bbox 2276 4121 2587 4181; x_wconf 88' lang='lat' dir='ltr'>animarum</span> <span class='ocrx_word' id='word_1_440' title='bbox 2616 4143 2651 4181; x_wconf 91' lang='lat' dir='ltr'>a</span> <span class='ocrx_word' id='word_1_441' title='bbox 2680 4134 2860 4181; x_wconf 89' lang='lat' dir='ltr'>morte</span> <span class='ocrx_word' id='word_1_442' title='bbox 2883 4122 3134 4181; x_wconf 90' lang='lat' dir='ltr'>conditio</span> <span class='ocrx_word' id='word_1_443' title='bbox 3253 4125 3367 4199; x_wconf 90' lang='lat'>467</span> 
     </span>
     <span class='ocr_line' id='line_1_104' title="bbox 2276 4203 3369 4284; baseline 0.004 -24"><span class='ocrx_word' id='word_1_444' title='bbox 2276 4203 2584 4261; x_wconf 87' lang='lat' dir='ltr'>animarum</span> <span class='ocrx_word' id='word_1_445' title='bbox 2641 4203 2900 4263; x_wconf 87' lang='lat' dir='ltr'>collectio</span> <span class='ocrx_word' id='word_1_446' title='bbox 2955 4205 3062 4264; x_wconf 91' lang='lat' dir='ltr'>sub</span> <span class='ocrx_word' id='word_1_447' title='bbox 3122 4203 3369 4284; x_wconf 90' lang='lat' dir='ltr'>speciem</span> 
     </span>
     <span class='ocr_line' id='line_1_105' title="bbox 2354 4283 3361 4363; baseline 0.001 -21"><span class='ocrx_word' id='word_1_448' title='bbox 2354 4283 2732 4342; x_wconf 87' lang='lat' dir='ltr'>subalternam</span> <span class='ocrx_word' id='word_1_449' title='bbox 3022 4283 3140 4344; x_wconf 87' lang='lat' dir='ltr'>Fic.</span> <span class='ocrx_word' id='word_1_450' title='bbox 3172 4305 3227 4363; x_wconf 91' lang='lat' dir='ltr'>p.</span> <span class='ocrx_word' id='word_1_451' title='bbox 3250 4305 3361 4361; x_wconf 77' lang='grc'>441</span> 
     </span>
     <span class='ocr_line' id='line_1_106' title="bbox 2274 4356 3368 4425; baseline 0.003 -3"><span class='ocrx_word' id='word_1_452' title='bbox 2274 4364 2587 4423; x_wconf 89' lang='lat' dir='ltr'>animarum</span> <span class='ocrx_word' id='word_1_453' title='bbox 2647 4356 2979 4424; x_wconf 84' lang='lat' dir='ltr'>diversitatis</span> <span class='ocrx_word' id='word_1_454' title='bbox 3045 4386 3212 4425; x_wconf 85' lang='lat' dir='ltr'>causa</span> <span class='ocrx_word' id='word_1_455' title='bbox 3278 4386 3368 4425; x_wconf 89' lang='lat' dir='ltr'>se·</span> 
     </span>
     <span class='ocr_line' id='line_1_107' title="bbox 2354 4445 3366 4508; baseline 0.002 -4"><span class='ocrx_word' id='word_1_456' title='bbox 2354 4445 2541 4505; x_wconf 90' lang='lat' dir='ltr'>cunda</span> <span class='ocrx_word' id='word_1_457' title='bbox 3285 4448 3366 4508; x_wconf 91' lang='lat' dir='ltr'>ib.</span> 
     </span>
     <span class='ocr_line' id='line_1_108' title="bbox 2272 4525 3369 4587; baseline 0.001 -2"><span class='ocrx_word' id='word_1_458' title='bbox 2272 4526 2583 4585; x_wconf 87' lang='lat' dir='ltr'>animarum</span> <span class='ocrx_word' id='word_1_459' title='bbox 2612 4525 2831 4585; x_wconf 81' lang='lat' dir='ltr'>vincula</span> <span class='ocrx_word' id='word_1_460' title='bbox 2866 4547 2900 4584; x_wconf 89' lang='lat' dir='ltr'>a</span> <span class='ocrx_word' id='word_1_461' title='bbox 2924 4528 3069 4586; x_wconf 83' lang='lat' dir='ltr'>Jove</span> <span class='ocrx_word' id='word_1_462' title='bbox 3109 4527 3369 4587; x_wconf 89' lang='lat' dir='ltr'>solubilia</span> 
     </span>
     <span class='ocr_line' id='line_1_109' title="bbox 2355 4608 3358 4684; baseline 0.003 -19"><span class='ocrx_word' id='word_1_463' title='bbox 2355 4608 2624 4666; x_wconf 85' lang='lat' dir='ltr'>fabricata</span> <span class='ocrx_word' id='word_1_464' title='bbox 3247 4613 3358 4684; x_wconf 91' lang='grc'>381</span> 
     </span>
     <span class='ocr_line' id='line_1_110' title="bbox 2270 4687 3365 4749; baseline 0.002 -2"><span class='ocrx_word' id='word_1_465' title='bbox 2270 4688 2580 4747; x_wconf 88' lang='lat' dir='ltr'>animarum</span> <span class='ocrx_word' id='word_1_466' title='bbox 2608 4687 2884 4746; x_wconf 88' lang='lat' dir='ltr'>secundus</span> <span class='ocrx_word' id='word_1_467' title='bbox 2911 4701 2971 4746; x_wconf 89' lang='lat' dir='ltr'>et</span> <span class='ocrx_word' id='word_1_468' title='bbox 2996 4689 3194 4747; x_wconf 89' lang='lat' dir='ltr'>tertius</span> <span class='ocrx_word' id='word_1_469' title='bbox 3227 4691 3365 4749; x_wconf 88' lang='lat' dir='ltr'>ordo</span> 
     </span>
     <span class='ocr_line' id='line_1_111' title="bbox 2352 4766 3364 4849; baseline 0.001 -22"><span class='ocrx_word' id='word_1_470' title='bbox 2352 4769 2639 4848; x_wconf 89' lang='lat' dir='ltr'>quomodo</span> <span class='ocrx_word' id='word_1_471' title='bbox 2680 4766 2740 4826; x_wconf 91' lang='lat' dir='ltr'>in</span> <span class='ocrx_word' id='word_1_472' title='bbox 2780 4768 2998 4828; x_wconf 80' lang='lat' dir='ltr'>Timaeo</span> <span class='ocrx_word' id='word_1_473' title='bbox 3047 4769 3364 4849; x_wconf 87' lang='lat' dir='ltr'>intelligen-</span> 
     </span>
     <span class='ocr_line' id='line_1_112' title="bbox 2350 4851 3363 4928; baseline 0.001 -19"><span class='ocrx_word' id='word_1_474' title='bbox 2350 4851 2455 4909; x_wconf 88' lang='lat' dir='ltr'>dus</span> <span class='ocrx_word' id='word_1_475' title='bbox 3244 4852 3363 4928; x_wconf 85' lang='lat'>376</span> 
     </span>
     <span class='ocr_line' id='line_1_113' title="bbox 2269 4930 3164 4990; baseline 0 -1"><span class='ocrx_word' id='word_1_476' title='bbox 2269 4931 2579 4990; x_wconf 90' lang='lat' dir='ltr'>animarum</span> <span class='ocrx_word' id='word_1_477' title='bbox 2620 4930 2943 4990; x_wconf 87' lang='lat' dir='ltr'>inferiorum</span> <span class='ocrx_word' id='word_1_478' title='bbox 2985 4942 3164 4990; x_wconf 88' lang='lat' dir='ltr'>status</span> 
     </span>
     <span class='ocr_line' id='line_1_114' title="bbox 3016 5010 3359 5091; baseline 0.009 -21"><span class='ocrx_word' id='word_1_479' title='bbox 3016 5010 3132 5071; x_wconf 81' lang='lat' dir='ltr'>Fic.</span> <span class='ocrx_word' id='word_1_480' title='bbox 3163 5033 3218 5091; x_wconf 93' lang='lat' dir='ltr'>p.</span> <span class='ocrx_word' id='word_1_481' title='bbox 3243 5014 3359 5073; x_wconf 93' lang='grc'>680</span> 
     </span>
     <span class='ocr_line' id='line_1_115' title="bbox 2268 5091 3201 5151; baseline 0 0"><span class='ocrx_word' id='word_1_482' title='bbox 2268 5091 2577 5151; x_wconf 88' lang='lat' dir='ltr'>animarum</span> <span class='ocrx_word' id='word_1_483' title='bbox 2621 5092 2976 5151; x_wconf 82' lang='lat' dir='ltr'>rationalium</span> <span class='ocrx_word' id='word_1_484' title='bbox 3013 5106 3201 5151; x_wconf 89' lang='lat' dir='ltr'>motus</span> 
     </span>
     <span class='ocr_line' id='line_1_116' title="bbox 3012 5173 3360 5252; baseline 0.006 -21"><span class='ocrx_word' id='word_1_485' title='bbox 3012 5173 3132 5233; x_wconf 88' lang='lat' dir='ltr'>Fic.</span> <span class='ocrx_word' id='word_1_486' title='bbox 3164 5195 3219 5252; x_wconf 87' lang='lat' dir='ltr'>p.</span> <span class='ocrx_word' id='word_1_487' title='bbox 3241 5176 3360 5249; x_wconf 88' lang='grc'>438</span> 
     </span>
     <span class='ocr_line' id='line_1_117' title="bbox 2267 5252 3356 5332; baseline 0.002 -21"><span class='ocrx_word' id='word_1_488' title='bbox 2267 5252 2579 5312; x_wconf 86' lang='lat' dir='ltr'>animarum</span> <span class='ocrx_word' id='word_1_489' title='bbox 2606 5252 2860 5313; x_wconf 86' lang='lat' dir='ltr'>vehicula</span> <span class='ocrx_word' id='word_1_490' title='bbox 3017 5255 3133 5314; x_wconf 87' lang='lat' dir='ltr'>Fic.</span> <span class='ocrx_word' id='word_1_491' title='bbox 3165 5276 3219 5332; x_wconf 92' lang='lat' dir='ltr'>p.</span> <span class='ocrx_word' id='word_1_492' title='bbox 3247 5271 3356 5332; x_wconf 88' lang='grc'>215</span> 
     </span>
     <span class='ocr_line' id='line_1_118' title="bbox 2266 5334 3229 5414; baseline 0.003 -23"><span class='ocrx_word' id='word_1_493' title='bbox 2266 5335 2578 5393; x_wconf 88' lang='lat' dir='ltr'>animarum</span> <span class='ocrx_word' id='word_1_494' title='bbox 2606 5335 2663 5394; x_wconf 93' lang='lat' dir='ltr'>in</span> <span class='ocrx_word' id='word_1_495' title='bbox 2693 5354 2922 5414; x_wconf 81' lang='lat' dir='ltr'>corpora</span> <span class='ocrx_word' id='word_1_496' title='bbox 2955 5334 3229 5395; x_wconf 86' lang='lat' dir='ltr'>immissio</span> 
     </span>
     <span class='ocr_line' id='line_1_119' title="bbox 3017 5417 3361 5496; baseline 0.006 -21"><span class='ocrx_word' id='word_1_497' title='bbox 3017 5417 3132 5475; x_wconf 86' lang='lat' dir='ltr'>Fic.</span> <span class='ocrx_word' id='word_1_498' title='bbox 3162 5437 3219 5496; x_wconf 91' lang='lat' dir='ltr'>p.</span> <span class='ocrx_word' id='word_1_499' title='bbox 3248 5420 3361 5477; x_wconf 90' lang='grc'>228</span> 
     </span>
     <span class='ocr_line' id='line_1_120' title="bbox 2265 5496 3361 5558; baseline 0.001 -2"><span class='ocrx_word' id='word_1_500' title='bbox 2265 5496 2577 5556; x_wconf 88' lang='lat' dir='ltr'>animarum</span> <span class='ocrx_word' id='word_1_501' title='bbox 2619 5497 2948 5558; x_wconf 78' lang='lat' dir='ltr'>diversitatis</span> <span class='ocrx_word' id='word_1_502' title='bbox 2990 5497 3155 5557; x_wconf 85' lang='lat' dir='ltr'>tertia</span> <span class='ocrx_word' id='word_1_503' title='bbox 3194 5518 3361 5557; x_wconf 84' lang='lat' dir='ltr'>causa</span> 
     </span>
    </p>
   </div>
   <div class='ocr_carea' id='block_1_6' title="bbox 3013 5580 3357 5657">
    <p class='ocr_par' dir='ltr' id='par_1_11' title="bbox 3013 5580 3357 5657">
     <span class='ocr_line' id='line_1_121' title="bbox 3013 5580 3357 5657; baseline 0.003 -19"><span class='ocrx_word' id='word_1_504' title='bbox 3013 5580 3129 5638; x_wconf 83' lang='lat' dir='ltr'>Fic.</span> <span class='ocrx_word' id='word_1_505' title='bbox 3160 5599 3216 5657; x_wconf 85' lang='lat' dir='ltr'><strong>p.</strong></span> <span class='ocrx_word' id='word_1_506' title='bbox 3240 5598 3357 5654; x_wconf 90' lang='grc'>442</span> 
     </span>
    </p>
   </div>
   <div class='ocr_carea' id='block_1_7' title="bbox 2097 463 3565 530">
    <p class='ocr_par' dir='ltr' id='par_1_12' title="bbox 2097 463 3565 530">
     <span class='ocr_line' id='line_1_122' title="bbox 2097 463 3565 530; baseline -0.001 -1"><span class='ocrx_word' id='word_1_507' title='bbox 2097 465 2410 530; x_wconf 87' lang='lat' dir='ltr'>INDEX</span> <span class='ocrx_word' id='word_1_508' title='bbox 2454 464 2800 530; x_wconf 86' lang='lat' dir='ltr'><strong>RERUM</strong></span> <span class='ocrx_word' id='word_1_509' title='bbox 2844 466 2972 530; x_wconf 89' lang='grc' dir='ltr'>ΕΤ</span> <span class='ocrx_word' id='word_1_510' title='bbox 3019 463 3565 530; x_wconf 87' lang='lat' dir='ltr'><strong>VERBORUM.</strong></span> 
     </span>
    </p>
   </div>
   <div class='ocr_carea' id='block_1_8' title="bbox 3441 636 4556 5658">
    <p class='ocr_par' dir='ltr' id='par_1_13' title="bbox 3441 636 4556 5658">
     <span class='ocr_line' id='line_1_123' title="bbox 3461 636 4556 718; baseline 0.001 -22"><span class='ocrx_word' id='word_1_511' title='bbox 3461 637 3776 697; x_wconf 85' lang='lat' dir='ltr'>animarum</span> <span class='ocrx_word' id='word_1_512' title='bbox 3820 637 4187 696; x_wconf 85' lang='lat' dir='ltr'>humanarum</span> <span class='ocrx_word' id='word_1_513' title='bbox 4230 636 4556 718; x_wconf 85' lang='lat' dir='ltr'>tripudiatio</span> 
     </span>
     <span class='ocr_line' id='line_1_124' title="bbox 4206 716 4555 798; baseline 0.003 -21"><span class='ocrx_word' id='word_1_514' title='bbox 4206 716 4329 780; x_wconf 89' lang='lat' dir='ltr'>Fic.</span> <span class='ocrx_word' id='word_1_515' title='bbox 4358 740 4412 798; x_wconf 88' lang='lat' dir='ltr'><strong>p.</strong></span> <span class='ocrx_word' id='word_1_516' title='bbox 4438 720 4555 796; x_wconf 83' lang='lat'>685</span> 
     </span>
     <span class='ocr_line' id='line_1_125' title="bbox 3461 799 4553 859; baseline 0.001 -1"><span class='ocrx_word' id='word_1_517' title='bbox 3461 800 3772 858; x_wconf 88' lang='lat' dir='ltr'>animarum</span> <span class='ocrx_word' id='word_1_518' title='bbox 3803 799 4175 859; x_wconf 74' lang='lat' dir='ltr'>habitationes</span> <span class='ocrx_word' id='word_1_519' title='bbox 4202 811 4317 858; x_wconf 86' lang='lat' dir='ltr'>tres</span> <span class='ocrx_word' id='word_1_520' title='bbox 4477 803 4553 859; x_wconf 91' lang='lat' dir='ltr'>ib.</span> 
     </span>
     <span class='ocr_line' id='line_1_126' title="bbox 3462 881 4552 959; baseline -0.001 -20"><span class='ocrx_word' id='word_1_521' title='bbox 3462 883 3775 939; x_wconf 90' lang='lat' dir='ltr'>animarum</span> <span class='ocrx_word' id='word_1_522' title='bbox 3804 900 3971 958; x_wconf 82' lang='lat' dir='ltr'>poena</span> <span class='ocrx_word' id='word_1_523' title='bbox 4208 881 4327 940; x_wconf 88' lang='lat' dir='ltr'>Fic.</span> <span class='ocrx_word' id='word_1_524' title='bbox 4359 902 4413 959; x_wconf 90' lang='lat' dir='ltr'>p.</span> <span class='ocrx_word' id='word_1_525' title='bbox 4437 896 4552 958; x_wconf 91' lang='grc'>507</span> 
     </span>
     <span class='ocr_line' id='line_1_127' title="bbox 3462 962 4556 1021; baseline -0.001 0"><span class='ocrx_word' id='word_1_526' title='bbox 3462 963 3776 1021; x_wconf 90' lang='lat' dir='ltr'>animarum</span> <span class='ocrx_word' id='word_1_527' title='bbox 3827 963 4197 1021; x_wconf 89' lang='lat' dir='ltr'>humanarum</span> <span class='ocrx_word' id='word_1_528' title='bbox 4253 962 4556 1020; x_wconf 85' lang='lat' dir='ltr'>multitudo</span> 
     </span>
     <span class='ocr_line' id='line_1_128' title="bbox 3541 1041 4549 1121; baseline 0.002 -21"><span class='ocrx_word' id='word_1_529' title='bbox 3541 1042 3693 1100; x_wconf 90' lang='lat' dir='ltr'>unde</span> <span class='ocrx_word' id='word_1_530' title='bbox 3718 1041 4014 1121; x_wconf 85' lang='lat' dir='ltr'>colligatur</span> <span class='ocrx_word' id='word_1_531' title='bbox 4215 1044 4261 1102; x_wconf 87' lang='lat' dir='ltr'>F</span> <span class='ocrx_word' id='word_1_532' title='bbox 4264 1042 4331 1102; x_wconf 90' lang='lat' dir='ltr'>ic.</span> <span class='ocrx_word' id='word_1_533' title='bbox 4360 1064 4413 1121; x_wconf 92' lang='lat' dir='ltr'>p.</span> <span class='ocrx_word' id='word_1_534' title='bbox 4435 1062 4549 1117; x_wconf 87' lang='lat'>441</span> 
     </span>
     <span class='ocr_line' id='line_1_129' title="bbox 3459 1123 4470 1202; baseline 0.002 -21"><span class='ocrx_word' id='word_1_535' title='bbox 3459 1123 3767 1182; x_wconf 88' lang='lat' dir='ltr'>animarum</span> <span class='ocrx_word' id='word_1_536' title='bbox 3800 1123 4012 1183; x_wconf 87' lang='lat' dir='ltr'>malitia</span> <span class='ocrx_word' id='word_1_537' title='bbox 4036 1144 4150 1202; x_wconf 90' lang='lat' dir='ltr'>quo</span> <span class='ocrx_word' id='word_1_538' title='bbox 4180 1124 4470 1183; x_wconf 89' lang='lat' dir='ltr'>referenda</span> 
     </span>
     <span class='ocr_line' id='line_1_130' title="bbox 4441 1207 4553 1264; baseline 0 0"><span class='ocrx_word' id='word_1_539' title='bbox 4441 1207 4553 1264; x_wconf 88' lang='lat'>260</span> 
     </span>
     <span class='ocr_line' id='line_1_131' title="bbox 3459 1285 4555 1345; baseline 0.002 -2"><span class='ocrx_word' id='word_1_540' title='bbox 3459 1285 3769 1344; x_wconf 89' lang='lat' dir='ltr'>animarum</span> <span class='ocrx_word' id='word_1_541' title='bbox 3831 1286 4151 1345; x_wconf 89' lang='lat' dir='ltr'>distributio</span> <span class='ocrx_word' id='word_1_542' title='bbox 4212 1306 4280 1345; x_wconf 85' lang='lat' dir='ltr'>ex</span> <span class='ocrx_word' id='word_1_543' title='bbox 4338 1285 4555 1345; x_wconf 89' lang='lat' dir='ltr'>Timaeo</span> 
     </span>
     <span class='ocr_line' id='line_1_132' title="bbox 3540 1366 4544 1446; baseline 0.002 -23"><span class='ocrx_word' id='word_1_544' title='bbox 3540 1366 3794 1426; x_wconf 84' lang='lat' dir='ltr'>Platonis</span> <span class='ocrx_word' id='word_1_545' title='bbox 4203 1367 4323 1427; x_wconf 89' lang='lat' dir='ltr'>Fic.</span> <span class='ocrx_word' id='word_1_546' title='bbox 4355 1387 4413 1446; x_wconf 93' lang='lat' dir='ltr'>p.</span> <span class='ocrx_word' id='word_1_547' title='bbox 4433 1386 4544 1441; x_wconf 90' lang='lat'>441</span> 
     </span>
     <span class='ocr_line' id='line_1_133' title="bbox 3460 1447 4550 1529; baseline 0.001 -23"><span class='ocrx_word' id='word_1_548' title='bbox 3460 1447 3768 1506; x_wconf 86' lang='lat' dir='ltr'>animarum</span> <span class='ocrx_word' id='word_1_549' title='bbox 3801 1447 3970 1507; x_wconf 84' lang='lat' dir='ltr'>libera</span> <span class='ocrx_word' id='word_1_550' title='bbox 3989 1447 4194 1508; x_wconf 87' lang='lat' dir='ltr'>electio</span> <span class='ocrx_word' id='word_1_551' title='bbox 4222 1448 4341 1507; x_wconf 87' lang='lat' dir='ltr'>Fic.</span> <span class='ocrx_word' id='word_1_552' title='bbox 4363 1470 4422 1529; x_wconf 90' lang='lat' dir='ltr'><strong>p.</strong></span> <span class='ocrx_word' id='word_1_553' title='bbox 4436 1467 4550 1523; x_wconf 84' lang='lat'>432</span> 
     </span>
     <span class='ocr_line' id='line_1_134' title="bbox 3459 1528 4548 1608; baseline -0.001 -21"><span class='ocrx_word' id='word_1_554' title='bbox 3459 1528 3768 1587; x_wconf 87' lang='lat' dir='ltr'>animarum</span> <span class='ocrx_word' id='word_1_555' title='bbox 3790 1530 3977 1608; x_wconf 68' lang='lat' dir='ltr'>figurae</span> <span class='ocrx_word' id='word_1_556' title='bbox 3994 1529 4219 1588; x_wconf 64' lang='lat' dir='ltr'>diversae</span> <span class='ocrx_word' id='word_1_557' title='bbox 4236 1530 4419 1607; x_wconf 87' lang='lat' dir='ltr'>Fic.p.</span> <span class='ocrx_word' id='word_1_558' title='bbox 4435 1529 4548 1606; x_wconf 90' lang='grc'>685</span> 
     </span>
     <span class='ocr_line' id='line_1_135' title="bbox 3458 1610 4552 1689; baseline -0.002 -20"><span class='ocrx_word' id='word_1_559' title='bbox 3458 1610 3770 1669; x_wconf 89' lang='lat' dir='ltr'>animarum</span> <span class='ocrx_word' id='word_1_560' title='bbox 3793 1611 4077 1670; x_wconf 77' lang='lat' dir='ltr'>daemones</span> <span class='ocrx_word' id='word_1_561' title='bbox 4101 1610 4195 1689; x_wconf 89' lang='lat' dir='ltr'>qui</span> <span class='ocrx_word' id='word_1_562' title='bbox 4221 1611 4339 1669; x_wconf 89' lang='lat' dir='ltr'>Fic.</span> <span class='ocrx_word' id='word_1_563' title='bbox 4359 1631 4414 1689; x_wconf 93' lang='lat' dir='ltr'>p.</span> <span class='ocrx_word' id='word_1_564' title='bbox 4436 1628 4552 1687; x_wconf 82' lang='lat'>504</span> 
     </span>
     <span class='ocr_line' id='line_1_136' title="bbox 3457 1692 4554 1751; baseline 0.003 -3"><span class='ocrx_word' id='word_1_565' title='bbox 3457 1692 3770 1750; x_wconf 91' lang='lat' dir='ltr'>animarum</span> <span class='ocrx_word' id='word_1_566' title='bbox 3813 1705 4126 1750; x_wconf 87' lang='lat' dir='ltr'>nostrarum</span> <span class='ocrx_word' id='word_1_567' title='bbox 4156 1705 4214 1751; x_wconf 91' lang='lat' dir='ltr'>et</span> <span class='ocrx_word' id='word_1_568' title='bbox 4255 1693 4554 1751; x_wconf 79' lang='lat' dir='ltr'>mundanae</span> 
     </span>
     <span class='ocr_line' id='line_1_137' title="bbox 3539 1770 4553 1832; baseline 0 -2"><span class='ocrx_word' id='word_1_569' title='bbox 3539 1774 3742 1831; x_wconf 82' lang='lat' dir='ltr'>auimae</span> <span class='ocrx_word' id='word_1_570' title='bbox 3793 1770 4088 1831; x_wconf 88' lang='lat' dir='ltr'>consensio</span> <span class='ocrx_word' id='word_1_571' title='bbox 4142 1774 4291 1832; x_wconf 90' lang='lat' dir='ltr'>unde</span> <span class='ocrx_word' id='word_1_572' title='bbox 4343 1772 4553 1831; x_wconf 90' lang='lat' dir='ltr'>oriatur</span> 
     </span>
     <span class='ocr_line' id='line_1_138' title="bbox 4206 1853 4542 1931; baseline -0.003 -19"><span class='ocrx_word' id='word_1_573' title='bbox 4206 1854 4321 1913; x_wconf 90' lang='lat' dir='ltr'>Fic.</span> <span class='ocrx_word' id='word_1_574' title='bbox 4352 1874 4408 1931; x_wconf 91' lang='lat' dir='ltr'>p.</span> <span class='ocrx_word' id='word_1_575' title='bbox 4431 1853 4542 1911; x_wconf 90' lang='grc'>681</span> 
     </span>
     <span class='ocr_line' id='line_1_139' title="bbox 3458 1933 4551 2015; baseline 0.001 -24"><span class='ocrx_word' id='word_1_576' title='bbox 3458 1933 3771 1992; x_wconf 83' lang='lat' dir='ltr'>animarum</span> <span class='ocrx_word' id='word_1_577' title='bbox 3800 1934 4009 1993; x_wconf 87' lang='lat' dir='ltr'>reditus</span> <span class='ocrx_word' id='word_1_578' title='bbox 4035 1935 4106 1994; x_wconf 89' lang='lat' dir='ltr'>ad</span> <span class='ocrx_word' id='word_1_579' title='bbox 4134 1954 4374 2015; x_wconf 86' lang='lat' dir='ltr'>corpora</span> <span class='ocrx_word' id='word_1_580' title='bbox 4436 1934 4551 2008; x_wconf 82' lang='grc'>284</span> 
     </span>
     <span class='ocr_line' id='line_1_140' title="bbox 3458 2013 4546 2094; baseline 0.001 -21"><span class='ocrx_word' id='word_1_581' title='bbox 3458 2013 3771 2073; x_wconf 89' lang='lat' dir='ltr'>animarum</span> <span class='ocrx_word' id='word_1_582' title='bbox 3814 2016 4127 2094; x_wconf 90' lang='lat' dir='ltr'>amplitudo</span> <span class='ocrx_word' id='word_1_583' title='bbox 4167 2029 4228 2074; x_wconf 92' lang='lat' dir='ltr'>et</span> <span class='ocrx_word' id='word_1_584' title='bbox 4268 2015 4546 2085; x_wconf 85' lang='lat' dir='ltr'>divinitas,</span> 
     </span>
     <span class='ocr_line' id='line_1_141' title="bbox 3536 2096 4548 2176; baseline 0 -21"><span class='ocrx_word' id='word_1_585' title='bbox 3536 2115 3839 2174; x_wconf 87' lang='lat' dir='ltr'>earumque</span> <span class='ocrx_word' id='word_1_586' title='bbox 3879 2116 4005 2155; x_wconf 91' lang='lat' dir='ltr'>cum</span> <span class='ocrx_word' id='word_1_587' title='bbox 4046 2096 4227 2176; x_wconf 90' lang='lat' dir='ltr'>primo</span> <span class='ocrx_word' id='word_1_588' title='bbox 4253 2109 4388 2156; x_wconf 89' lang='lat' dir='ltr'>ente</span> <span class='ocrx_word' id='word_1_589' title='bbox 4413 2117 4548 2156; x_wconf 87' lang='lat' dir='ltr'>con·</span> 
     </span>
     <span class='ocr_line' id='line_1_142' title="bbox 3528 2174 4541 2272; baseline 0.003 -37"><span class='ocrx_word' id='word_1_590' title='bbox 3528 2174 3751 2272; x_wconf 68' lang='lat' dir='ltr'>junctio</span> <span class='ocrx_word' id='word_1_591' title='bbox 4018 2193 4023 2198; x_wconf 83' lang='lat'>·</span> <span class='ocrx_word' id='word_1_592' title='bbox 4434 2193 4541 2255; x_wconf 89' lang='grc'>551</span> 
     </span>
     <span class='ocr_line' id='line_1_143' title="bbox 3456 2257 4551 2338; baseline 0.001 -21"><span class='ocrx_word' id='word_1_593' title='bbox 3456 2277 3767 2317; x_wconf 79' lang='lat' dir='ltr'>animarum</span> <span class='ocrx_word' id='word_1_594' title='bbox 3814 2257 4139 2318; x_wconf 84' lang='lat' dir='ltr'>vicissitudo</span> <span class='ocrx_word' id='word_1_595' title='bbox 4186 2259 4471 2338; x_wconf 90' lang='lat' dir='ltr'>quomodo</span> <span class='ocrx_word' id='word_1_596' title='bbox 4517 2280 4551 2318; x_wconf 91' lang='lat' dir='ltr'>a</span> 
     </span>
     <span class='ocr_line' id='line_1_144' title="bbox 3539 2338 4549 2417; baseline 0.008 -21"><span class='ocrx_word' id='word_1_597' title='bbox 3539 2338 3842 2398; x_wconf 88' lang='lat' dir='ltr'>Platonicis</span> <span class='ocrx_word' id='word_1_598' title='bbox 3869 2342 4137 2417; x_wconf 77' lang='lat' dir='ltr'>probetur</span> <span class='ocrx_word' id='word_1_599' title='bbox 4431 2343 4549 2417; x_wconf 83' lang='lat'>358</span> 
     </span>
     <span class='ocr_line' id='line_1_145' title="bbox 3457 2421 4438 2481; baseline 0.003 -4"><span class='ocrx_word' id='word_1_600' title='bbox 3457 2422 3767 2479; x_wconf 90' lang='lat' dir='ltr'>animarum</span> <span class='ocrx_word' id='word_1_601' title='bbox 3797 2440 3831 2479; x_wconf 92' lang='lat' dir='ltr'>a</span> <span class='ocrx_word' id='word_1_602' title='bbox 3855 2421 3985 2480; x_wconf 88' lang='lat' dir='ltr'>Deo</span> <span class='ocrx_word' id='word_1_603' title='bbox 4010 2422 4261 2481; x_wconf 85' lang='lat' dir='ltr'>defectus</span> <span class='ocrx_word' id='word_1_604' title='bbox 4288 2423 4438 2480; x_wconf 89' lang='lat' dir='ltr'>unde</span> 
     </span>
     <span class='ocr_line' id='line_1_146' title="bbox 3532 2503 4546 2595; baseline 0.002 -37"><span class='ocrx_word' id='word_1_605' title='bbox 3532 2581 3545 2595; x_wconf 92' lang='lat'><strong>.</strong></span> <span class='ocrx_word' id='word_1_606' title='bbox 4199 2503 4317 2562; x_wconf 90' lang='lat' dir='ltr'>Fic.</span> <span class='ocrx_word' id='word_1_607' title='bbox 4349 2524 4406 2581; x_wconf 88' lang='lat' dir='ltr'>p.</span> <span class='ocrx_word' id='word_1_608' title='bbox 4440 2521 4546 2577; x_wconf 90' lang='grc'>134</span> 
     </span>
     <span class='ocr_line' id='line_1_147' title="bbox 3455 2583 4547 2756; baseline 0.001 -35"><span class='ocrx_word' id='word_1_609' title='bbox 3455 2583 4252 2756; x_wconf 52' lang='lat'>:33332253331323231</span> <span class='ocrx_word' id='word_1_610' title='bbox 4281 2584 4547 2742; x_wconf 56' lang='lat'>{13:33}</span> 
     </span>
     <span class='ocr_line' id='line_1_148' title="bbox 3454 2745 4547 2824; baseline 0.002 -23"><span class='ocrx_word' id='word_1_611' title='bbox 3454 2763 3764 2802; x_wconf 89' lang='lat' dir='ltr'>ammarum</span> <span class='ocrx_word' id='word_1_612' title='bbox 3794 2745 4082 2805; x_wconf 86' lang='lat' dir='ltr'>distinctio</span> <span class='ocrx_word' id='word_1_613' title='bbox 4200 2745 4315 2805; x_wconf 85' lang='lat' dir='ltr'>Fic.</span> <span class='ocrx_word' id='word_1_614' title='bbox 4349 2767 4405 2824; x_wconf 90' lang='lat' dir='ltr'>p.</span> <span class='ocrx_word' id='word_1_615' title='bbox 4433 2764 4547 2822; x_wconf 83' lang='lat'>2²9</span> 
     </span>
     <span class='ocr_line' id='line_1_149' title="bbox 3452 2823 4548 2886; baseline 0.002 -3"><span class='ocrx_word' id='word_1_616' title='bbox 3452 2823 3764 2884; x_wconf 89' lang='lat' dir='ltr'>animarum</span> <span class='ocrx_word' id='word_1_617' title='bbox 3815 2826 4181 2886; x_wconf 86' lang='lat' dir='ltr'>humanarum</span> <span class='ocrx_word' id='word_1_618' title='bbox 4225 2827 4548 2886; x_wconf 83' lang='lat' dir='ltr'>differentiae</span> 
     </span>
     <span class='ocr_line' id='line_1_150' title="bbox 3531 2908 4543 2986; baseline 0.003 -23"><span class='ocrx_word' id='word_1_619' title='bbox 3531 2917 3771 2983; x_wconf 89' lang='lat' dir='ltr'>quatuor</span> <span class='ocrx_word' id='word_1_620' title='bbox 4194 2908 4312 2968; x_wconf 87' lang='lat' dir='ltr'>Fic.</span> <span class='ocrx_word' id='word_1_621' title='bbox 4349 2929 4405 2986; x_wconf 87' lang='lat' dir='ltr'><strong>p.</strong></span> <span class='ocrx_word' id='word_1_622' title='bbox 4428 2909 4543 2967; x_wconf 83' lang='lat'>682</span> 
     </span>
     <span class='ocr_line' id='line_1_151' title="bbox 3452 2986 4520 3067; baseline 0.002 -23"><span class='ocrx_word' id='word_1_623' title='bbox 3452 2986 3764 3046; x_wconf 89' lang='lat' dir='ltr'>animarum</span> <span class='ocrx_word' id='word_1_624' title='bbox 3805 2986 4132 3049; x_wconf 57' lang='lat' dir='ltr'>differentias</span> <span class='ocrx_word' id='word_1_625' title='bbox 4172 3009 4299 3067; x_wconf 76' lang='lat' dir='ltr'>quae</span> <span class='ocrx_word' id='word_1_626' title='bbox 4338 3008 4520 3048; x_wconf 81' lang='lat' dir='ltr'>causae</span> 
     </span>
     <span class='ocr_line' id='line_1_152' title="bbox 3532 3067 4543 3145; baseline 0.003 -20"><span class='ocrx_word' id='word_1_627' title='bbox 3532 3067 3648 3126; x_wconf 86' lang='lat' dir='ltr'>sint</span> <span class='ocrx_word' id='word_1_628' title='bbox 4432 3088 4543 3145; x_wconf 90' lang='grc'>270</span> 
     </span>
     <span class='ocr_line' id='line_1_153' title="bbox 3450 3148 4541 3231; baseline 0.002 -23"><span class='ocrx_word' id='word_1_629' title='bbox 3450 3148 3762 3208; x_wconf 82' lang='lat' dir='ltr'>animarum</span> <span class='ocrx_word' id='word_1_630' title='bbox 3793 3149 3864 3208; x_wconf 91' lang='lat' dir='ltr'>ad</span> <span class='ocrx_word' id='word_1_631' title='bbox 3892 3168 4092 3229; x_wconf 88' lang='lat' dir='ltr'>supera</span> <span class='ocrx_word' id='word_1_632' title='bbox 4130 3170 4541 3231; x_wconf 81' lang='lat' dir='ltr'>progressarmn</span> 
     </span>
     <span class='ocr_line' id='line_1_154' title="bbox 3530 3229 4543 3309; baseline 0.001 -21"><span class='ocrx_word' id='word_1_633' title='bbox 3530 3229 3708 3309; x_wconf 77' lang='lat' dir='ltr'>qualis</span> <span class='ocrx_word' id='word_1_634' title='bbox 3736 3243 3913 3289; x_wconf 89' lang='lat' dir='ltr'>status</span> <span class='ocrx_word' id='word_1_635' title='bbox 4430 3232 4543 3290; x_wconf 88' lang='grc'>286</span> 
     </span>
     <span class='ocr_line' id='line_1_155' title="bbox 3449 3311 4544 3374; baseline 0.003 -4"><span class='ocrx_word' id='word_1_636' title='bbox 3449 3311 3759 3370; x_wconf 87' lang='lat' dir='ltr'>animarum</span> <span class='ocrx_word' id='word_1_637' title='bbox 3821 3312 4222 3373; x_wconf 87' lang='lat' dir='ltr'>dissimilitudo</span> <span class='ocrx_word' id='word_1_638' title='bbox 4280 3314 4544 3374; x_wconf 89' lang='lat' dir='ltr'>conducit</span> 
     </span>
     <span class='ocr_line' id='line_1_156' title="bbox 3530 3393 4541 3472; baseline 0.004 -22"><span class='ocrx_word' id='word_1_639' title='bbox 3530 3395 3600 3451; x_wconf 92' lang='lat' dir='ltr'>ad</span> <span class='ocrx_word' id='word_1_640' title='bbox 3627 3393 3868 3452; x_wconf 84' lang='lat' dir='ltr'>universi</span> <span class='ocrx_word' id='word_1_641' title='bbox 3895 3394 4245 3454; x_wconf 90' lang='lat' dir='ltr'>harmoniam</span> <span class='ocrx_word' id='word_1_642' title='bbox 4427 3412 4541 3472; x_wconf 90' lang='grc'>270</span> 
     </span>
     <span class='ocr_line' id='line_1_157' title="bbox 3447 3472 4272 3555; baseline 0.005 -23"><span class='ocrx_word' id='word_1_643' title='bbox 3447 3472 3760 3533; x_wconf 89' lang='lat' dir='ltr'>animarum</span> <span class='ocrx_word' id='word_1_644' title='bbox 3802 3476 4272 3555; x_wconf 87' lang='lat' dir='ltr'>transcorporatio</span> 
     </span>
     <span class='ocr_line' id='line_1_158' title="bbox 4199 3557 4535 3636; baseline -0.006 -20"><span class='ocrx_word' id='word_1_645' title='bbox 4199 3557 4315 3618; x_wconf 87' lang='lat' dir='ltr'>Fic.</span> <span class='ocrx_word' id='word_1_646' title='bbox 4344 3577 4398 3636; x_wconf 92' lang='lat' dir='ltr'>p.</span> <span class='ocrx_word' id='word_1_647' title='bbox 4423 3574 4535 3633; x_wconf 87' lang='grc'>352</span> 
     </span>
     <span class='ocr_line' id='line_1_159' title="bbox 3449 3633 4539 3706; baseline 0.002 -13"><span class='ocrx_word' id='word_1_648' title='bbox 3449 3633 3665 3694; x_wconf 89' lang='lat' dir='ltr'>animas</span> <span class='ocrx_word' id='word_1_649' title='bbox 3689 3636 4085 3696; x_wconf 86' lang='lat' dir='ltr'>defunctorum</span> <span class='ocrx_word' id='word_1_650' title='bbox 4112 3638 4312 3706; x_wconf 80' lang='lat' dir='ltr'>vivere,</span> <span class='ocrx_word' id='word_1_651' title='bbox 4342 3658 4539 3698; x_wconf 89' lang='lat' dir='ltr'>oracu-</span> 
     </span>
     <span class='ocr_line' id='line_1_160' title="bbox 3528 3715 4534 3796; baseline 0.004 -22"><span class='ocrx_word' id='word_1_652' title='bbox 3528 3715 3596 3774; x_wconf 89' lang='lat' dir='ltr'>lis</span> <span class='ocrx_word' id='word_1_653' title='bbox 3623 3716 3827 3775; x_wconf 83' lang='lat' dir='ltr'>divinis</span> <span class='ocrx_word' id='word_1_654' title='bbox 3855 3719 4124 3796; x_wconf 90' lang='lat' dir='ltr'>probatur</span> <span class='ocrx_word' id='word_1_655' title='bbox 4419 3720 4534 3794; x_wconf 87' lang='lat'>467</span> 
     </span>
     <span class='ocr_line' id='line_1_161' title="bbox 3449 3799 4538 3951; baseline -0.006 -15"><span class='ocrx_word' id='word_1_656' title='bbox 3449 3817 3669 3938; x_wconf 55' lang='lat' dir='ltr'>anses-z</span> <span class='ocrx_word' id='word_1_657' title='bbox 3699 3799 4273 3951; x_wconf 53' lang='lat' dir='ltr'>‘⁶³3⁸‘oe</span> <span class='ocrx_word' id='word_1_658' title='bbox 4298 3812 4538 3940; x_wconf 56' lang='lat' dir='ltr'>w:</span> 
     </span>
     <span class='ocr_line' id='line_1_162' title="bbox 3529 3961 4540 4039; baseline 0.002 -21"><span class='ocrx_word' id='word_1_659' title='bbox 3529 3961 3778 4035; x_wconf 85' lang='lat' dir='ltr'>gendum</span> <span class='ocrx_word' id='word_1_660' title='bbox 4420 3962 4540 4039; x_wconf 83' lang='lat'>469</span> 
     </span>
     <span class='ocr_line' id='line_1_163' title="bbox 3448 4041 4539 4102; baseline 0.002 -2"><span class='ocrx_word' id='word_1_661' title='bbox 3448 4041 3663 4100; x_wconf 89' lang='lat' dir='ltr'>animas</span> <span class='ocrx_word' id='word_1_662' title='bbox 3690 4061 3890 4100; x_wconf 89' lang='lat' dir='ltr'>omnes</span> <span class='ocrx_word' id='word_1_663' title='bbox 3930 4041 4162 4102; x_wconf 89' lang='lat' dir='ltr'>minime</span> <span class='ocrx_word' id='word_1_664' title='bbox 4188 4041 4539 4102; x_wconf 84' lang='lat' dir='ltr'>intellectua-</span> 
     </span>
     <span class='ocr_line' id='line_1_164' title="bbox 3528 4121 4535 4201; baseline 0.003 -22"><span class='ocrx_word' id='word_1_665' title='bbox 3528 4121 3608 4179; x_wconf 85' lang='lat' dir='ltr'>les</span> <span class='ocrx_word' id='word_1_666' title='bbox 3636 4140 3760 4181; x_wconf 87' lang='lat' dir='ltr'>esse</span> <span class='ocrx_word' id='word_1_667' title='bbox 4422 4142 4535 4201; x_wconf 89' lang='grc'>555</span> 
     </span>
     <span class='ocr_line' id='line_1_165' title="bbox 3449 4201 4538 4285; baseline 0.002 -24"><span class='ocrx_word' id='word_1_668' title='bbox 3449 4201 3665 4261; x_wconf 89' lang='lat' dir='ltr'>animas</span> <span class='ocrx_word' id='word_1_669' title='bbox 3704 4202 3908 4262; x_wconf 89' lang='lat' dir='ltr'>multas</span> <span class='ocrx_word' id='word_1_670' title='bbox 3935 4223 4051 4264; x_wconf 92' lang='lat' dir='ltr'>non</span> <span class='ocrx_word' id='word_1_671' title='bbox 4081 4223 4183 4285; x_wconf 91' lang='lat' dir='ltr'>per</span> <span class='ocrx_word' id='word_1_672' title='bbox 4208 4204 4388 4264; x_wconf 90' lang='lat' dir='ltr'>multa</span> <span class='ocrx_word' id='word_1_673' title='bbox 4411 4224 4538 4265; x_wconf 87' lang='lat' dir='ltr'>cor-</span> 
     </span>
     <span class='ocr_line' id='line_1_166' title="bbox 3530 4284 4534 4364; baseline 0.003 -22"><span class='ocrx_word' id='word_1_674' title='bbox 3530 4303 3665 4361; x_wconf 88' lang='lat' dir='ltr'>pora</span> <span class='ocrx_word' id='word_1_675' title='bbox 3691 4284 3929 4343; x_wconf 85' lang='lat' dir='ltr'>evadere</span> <span class='ocrx_word' id='word_1_676' title='bbox 4193 4286 4309 4344; x_wconf 88' lang='lat' dir='ltr'>Fic.</span> <span class='ocrx_word' id='word_1_677' title='bbox 4339 4307 4395 4364; x_wconf 92' lang='lat' dir='ltr'><strong>p.</strong></span> <span class='ocrx_word' id='word_1_678' title='bbox 4418 4287 4534 4362; x_wconf 91' lang='lat'>677</span> 
     </span>
     <span class='ocr_line' id='line_1_167' title="bbox 3447 4362 4537 4427; baseline 0.006 -6"><span class='ocrx_word' id='word_1_679' title='bbox 3447 4362 3662 4423; x_wconf 88' lang='lat' dir='ltr'>animas</span> <span class='ocrx_word' id='word_1_680' title='bbox 3716 4377 3936 4424; x_wconf 87' lang='lat' dir='ltr'>nostras</span> <span class='ocrx_word' id='word_1_681' title='bbox 3990 4364 4193 4426; x_wconf 80' lang='lat' dir='ltr'>animae</span> <span class='ocrx_word' id='word_1_682' title='bbox 4241 4369 4537 4427; x_wconf 78' lang='lat' dir='ltr'>mundanoe</span> 
     </span>
     <span class='ocr_line' id='line_1_168' title="bbox 3527 4447 4537 4524; baseline 0.003 -20"><span class='ocrx_word' id='word_1_683' title='bbox 3527 4458 3713 4524; x_wconf 89' lang='lat' dir='ltr'>partes</span> <span class='ocrx_word' id='word_1_684' title='bbox 3739 4466 3881 4514; x_wconf 71' lang='lat' dir='ltr'>esse,</span> <span class='ocrx_word' id='word_1_685' title='bbox 3905 4447 4083 4506; x_wconf 90' lang='lat' dir='ltr'>tribus</span> <span class='ocrx_word' id='word_1_686' title='bbox 4103 4447 4354 4507; x_wconf 88' lang='lat' dir='ltr'>Platonis</span> <span class='ocrx_word' id='word_1_687' title='bbox 4373 4448 4537 4507; x_wconf 88' lang='lat' dir='ltr'>dictis</span> 
     </span>
     <span class='ocr_line' id='line_1_169' title="bbox 3525 4528 4533 4605; baseline 0.001 -19"><span class='ocrx_word' id='word_1_688' title='bbox 3525 4528 3795 4605; x_wconf 90' lang='lat' dir='ltr'>probatur</span> <span class='ocrx_word' id='word_1_689' title='bbox 4458 4528 4533 4588; x_wconf 91' lang='lat' dir='ltr'>ib.</span> 
     </span>
     <span class='ocr_line' id='line_1_170' title="bbox 3446 4607 4535 4688; baseline 0.002 -23"><span class='ocrx_word' id='word_1_690' title='bbox 3446 4607 3659 4666; x_wconf 87' lang='lat' dir='ltr'>animas</span> <span class='ocrx_word' id='word_1_691' title='bbox 3701 4609 3849 4688; x_wconf 88' lang='lat' dir='ltr'>apud</span> <span class='ocrx_word' id='word_1_692' title='bbox 3890 4609 4095 4668; x_wconf 89' lang='lat' dir='ltr'>inferos</span> <span class='ocrx_word' id='word_1_693' title='bbox 4136 4609 4379 4668; x_wconf 90' lang='lat' dir='ltr'>dormire</span> <span class='ocrx_word' id='word_1_694' title='bbox 4404 4609 4535 4687; x_wconf 90' lang='lat' dir='ltr'>quid</span> 
     </span>
     <span class='ocr_line' id='line_1_171' title="bbox 4460 4691 4532 4748; baseline 0 0"><span class='ocrx_word' id='word_1_695' title='bbox 4460 4691 4532 4748; x_wconf 88' lang='lat'>80</span> 
     </span>
     <span class='ocr_line' id='line_1_172' title="bbox 3444 4769 4532 4850; baseline 0.001 -22"><span class='ocrx_word' id='word_1_696' title='bbox 3444 4769 3659 4828; x_wconf 83' lang='lat' dir='ltr'>animas</span> <span class='ocrx_word' id='word_1_697' title='bbox 3700 4773 3772 4830; x_wconf 92' lang='lat' dir='ltr'>ab</span> <span class='ocrx_word' id='word_1_698' title='bbox 3800 4770 4084 4830; x_wconf 89' lang='lat' dir='ltr'>intellectu</span> <span class='ocrx_word' id='word_1_699' title='bbox 4110 4770 4385 4850; x_wconf 84' lang='lat' dir='ltr'>digressas</span> <span class='ocrx_word' id='word_1_700' title='bbox 4420 4770 4532 4829; x_wconf 89' lang='lat' dir='ltr'>dis-</span> 
     </span>
     <span class='ocr_line' id='line_1_173' title="bbox 3515 4849 4538 4930; baseline 0.003 -22"><span class='ocrx_word' id='word_1_701' title='bbox 3515 4849 3678 4930; x_wconf 89' lang='lat' dir='ltr'>jungi</span> <span class='ocrx_word' id='word_1_702' title='bbox 4420 4853 4538 4927; x_wconf 87' lang='lat'>664</span> 
     </span>
     <span class='ocr_line' id='line_1_174' title="bbox 3443 4931 4533 5009; baseline -0.005 -18"><span class='ocrx_word' id='word_1_703' title='bbox 3443 4931 3658 4991; x_wconf 87' lang='lat' dir='ltr'>animas</span> <span class='ocrx_word' id='word_1_704' title='bbox 3684 4943 3743 4989; x_wconf 91' lang='lat' dir='ltr'>et</span> <span class='ocrx_word' id='word_1_705' title='bbox 3773 4945 3989 4991; x_wconf 87' lang='lat' dir='ltr'>mentes</span> <span class='ocrx_word' id='word_1_706' title='bbox 4030 4932 4144 4991; x_wconf 87' lang='lat' dir='ltr'>suis</span> <span class='ocrx_word' id='word_1_707' title='bbox 4185 4932 4533 5009; x_wconf 85' lang='lat' dir='ltr'>proprietati-</span> 
     </span>
     <span class='ocr_line' id='line_1_175' title="bbox 3523 5011 4531 5091; baseline 0 -20"><span class='ocrx_word' id='word_1_708' title='bbox 3523 5015 3628 5071; x_wconf 89' lang='lat' dir='ltr'>bus</span> <span class='ocrx_word' id='word_1_709' title='bbox 3655 5011 3710 5070; x_wconf 90' lang='lat' dir='ltr'>in</span> <span class='ocrx_word' id='word_1_710' title='bbox 3740 5031 3802 5070; x_wconf 92' lang='lat' dir='ltr'>se</span> <span class='ocrx_word' id='word_1_711' title='bbox 3829 5012 3964 5091; x_wconf 88' lang='lat' dir='ltr'>ipsis</span> <span class='ocrx_word' id='word_1_712' title='bbox 3991 5012 4137 5071; x_wconf 89' lang='lat' dir='ltr'>inter</span> <span class='ocrx_word' id='word_1_713' title='bbox 4171 5032 4235 5071; x_wconf 88' lang='lat' dir='ltr'>se</span> <span class='ocrx_word' id='word_1_714' title='bbox 4274 5013 4531 5073; x_wconf 86' lang='lat' dir='ltr'>differen-</span> 
     </span>
     <span class='ocr_line' id='line_1_176' title="bbox 3522 5095 4528 5172; baseline 0.001 -20"><span class='ocrx_word' id='word_1_715' title='bbox 3522 5105 3608 5152; x_wconf 87' lang='lat' dir='ltr'>tes</span> <span class='ocrx_word' id='word_1_716' title='bbox 3635 5112 3757 5152; x_wconf 89' lang='lat' dir='ltr'>esse</span> <span class='ocrx_word' id='word_1_717' title='bbox 3784 5105 3916 5152; x_wconf 87' lang='lat' dir='ltr'>ante</span> <span class='ocrx_word' id='word_1_718' title='bbox 3943 5113 4178 5172; x_wconf 87' lang='lat' dir='ltr'>corpora</span> <span class='ocrx_word' id='word_1_719' title='bbox 4412 5095 4528 5168; x_wconf 83' lang='grc'>647</span> 
     </span>
     <span class='ocr_line' id='line_1_177' title="bbox 3442 5173 4535 5234; baseline 0.002 -2"><span class='ocrx_word' id='word_1_720' title='bbox 3442 5173 3738 5233; x_wconf 87' lang='lat' dir='ltr'>animabus</span> <span class='ocrx_word' id='word_1_721' title='bbox 3781 5174 3851 5233; x_wconf 92' lang='lat' dir='ltr'>ad</span> <span class='ocrx_word' id='word_1_722' title='bbox 3892 5175 4088 5234; x_wconf 63' lang='lat' dir='ltr'>caelum</span> <span class='ocrx_word' id='word_1_723' title='bbox 4131 5194 4391 5234; x_wconf 88' lang='lat' dir='ltr'>ascensus</span> <span class='ocrx_word' id='word_1_724' title='bbox 4433 5194 4535 5234; x_wconf 86' lang='lat' dir='ltr'>cur</span> 
     </span>
     <span class='ocr_line' id='line_1_178' title="bbox 3523 5255 4525 5333; baseline 0.003 -19"><span class='ocrx_word' id='word_1_725' title='bbox 3523 5274 3823 5314; x_wconf 88' lang='lat' dir='ltr'>concessus</span> <span class='ocrx_word' id='word_1_726' title='bbox 4190 5255 4306 5314; x_wconf 88' lang='lat' dir='ltr'>Fic.</span> <span class='ocrx_word' id='word_1_727' title='bbox 4335 5276 4390 5333; x_wconf 91' lang='lat' dir='ltr'><strong>p.</strong></span> <span class='ocrx_word' id='word_1_728' title='bbox 4412 5275 4525 5332; x_wconf 80' lang='lat'>431</span> 
     </span>
     <span class='ocr_line' id='line_1_179' title="bbox 3443 5334 4532 5414; baseline 0.003 -21"><span class='ocrx_word' id='word_1_729' title='bbox 3443 5334 3736 5395; x_wconf 90' lang='lat' dir='ltr'>animabus</span> <span class='ocrx_word' id='word_1_730' title='bbox 3758 5335 3816 5393; x_wconf 90' lang='lat' dir='ltr'>in</span> <span class='ocrx_word' id='word_1_731' title='bbox 3846 5337 4007 5395; x_wconf 85' lang='lat' dir='ltr'>bruta</span> <span class='ocrx_word' id='word_1_732' title='bbox 4024 5355 4258 5414; x_wconf 89' lang='lat' dir='ltr'>corpora</span> <span class='ocrx_word' id='word_1_733' title='bbox 4288 5336 4532 5413; x_wconf 85' lang='lat' dir='ltr'>migran-</span> 
     </span>
     <span class='ocr_line' id='line_1_180' title="bbox 3525 5416 4534 5495; baseline 0.004 -22"><span class='ocrx_word' id='word_1_734' title='bbox 3525 5416 3673 5474; x_wconf 80' lang='lat' dir='ltr'>tibus</span> <span class='ocrx_word' id='word_1_735' title='bbox 3701 5416 3883 5495; x_wconf 86' lang='lat' dir='ltr'>qualis</span> <span class='ocrx_word' id='word_1_736' title='bbox 3909 5417 4131 5475; x_wconf 84' lang='lat' dir='ltr'>daemon</span> <span class='ocrx_word' id='word_1_737' title='bbox 4158 5417 4349 5495; x_wconf 69' lang='lat' dir='ltr'>praesit</span> <span class='ocrx_word' id='word_1_738' title='bbox 4419 5420 4534 5477; x_wconf 85' lang='lat'>286</span> 
     </span>
     <span class='ocr_line' id='line_1_181' title="bbox 3441 5497 4529 5575; baseline -0.001 -19"><span class='ocrx_word' id='word_1_739' title='bbox 3441 5497 3647 5556; x_wconf 89' lang='lat' dir='ltr'>animal</span> <span class='ocrx_word' id='word_1_740' title='bbox 3675 5498 3807 5575; x_wconf 89' lang='lat' dir='ltr'>quid</span> <span class='ocrx_word' id='word_1_741' title='bbox 3837 5497 3910 5557; x_wconf 90' lang='lat' dir='ltr'>sit</span> <span class='ocrx_word' id='word_1_742' title='bbox 4494 5519 4529 5575; x_wconf 84' lang='lat'><strong>3</strong></span> 
     </span>
     <span class='ocr_line' id='line_1_182' title="bbox 3441 5577 4528 5658; baseline 0 -21"><span class='ocrx_word' id='word_1_743' title='bbox 3441 5577 3648 5638; x_wconf 88' lang='lat' dir='ltr'>animal</span> <span class='ocrx_word' id='word_1_744' title='bbox 3675 5599 3742 5637; x_wconf 81' lang='lat' dir='ltr'>ex</span> <span class='ocrx_word' id='word_1_745' title='bbox 3772 5578 3972 5658; x_wconf 82' lang='lat' dir='ltr'>quibus</span> <span class='ocrx_word' id='word_1_746' title='bbox 3999 5592 4374 5657; x_wconf 84' lang='lat' dir='ltr'>componatur</span> <span class='ocrx_word' id='word_1_747' title='bbox 4453 5597 4528 5658; x_wconf 93' lang='lat'>97</span> 
     </span>
    </p>
   </div>
  </div>
 </body>
</html>
