5118 6613
953 531 1111 624 ‚448

857 707 864 712 '
992 723 1192 765 sensus
1232 702 1414 771 lineae,
1440 701 1652 782 reliqua
1685 696 1941 781 cognitio
1978 695 2091 755 cir-

1073 786 1205 845 culo
1231 784 1431 842 similis
1975 779 2094 852 488

996 886 1193 927 sensus
1232 864 1394 925 lineae
1436 877 1620 931 rectae.
1650 860 1796 922 ratio
1831 858 2093 937 obliquoe,

1079 947 1396 1006 intellectus
1424 945 1632 1004 circulo
1659 942 1855 1003 similis
1977 955 2088 1016 501

998 1048 1195 1088 sensus
1222 1043 1281 1087 et
1309 1027 1630 1086 intellectus
1659 1022 1888 1084 collatio
1979 1039 2098 1098 499

998 1129 1197 1169 sensus
1250 1129 1364 1169 non
1414 1128 1536 1168 esse
1592 1102 1991 1186 impressiones
2037 1101 2099 1160 in

1079 1190 1271 1250 anima
1979 1200 2097 1259 452

999 1291 1198 1333 sensus
1220 1268 1663 1350 imaginationis,
1683 1263 1917 1326 rationis
1938 1277 1999 1323 et
2017 1262 2104 1321 in·

1081 1353 1342 1412 tellectus
1370 1350 1599 1410 collatio
1978 1344 2102 1422 496

1000 1454 1197 1493 sensus
1226 1452 1341 1492 non
1370 1444 1459 1490 est
1484 1449 1691 1510 corpus
1981 1428 2101 1501 460

1002 1533 1200 1575 sensus
1240 1511 1549 1591 descriptio
1589 1509 1882 1602 analogica

1444 1672 1458 1687 ⁶
1626 1671 1640 1686 ·
1755 1592 1873 1684 Fic.
1902 1608 1959 1669 p.
1981 1605 2101 1664 439

1003 1694 1200 1736 sensus
1218 1684 1735 1753 concupiscentlam
1757 1684 1817 1731 et
1843 1690 1981 1729 110111
2005 1688 2100 1727 ex-

1081 1756 1222 1816 citat
1982 1768 2096 1827 393

1000 1857 1200 1899 sensus
1228 1837 1471 1896 exterior
1497 1834 1902 1894 simulachrum
1930 1830 2103 1891 intel·

1080 1919 1258 1979 lectus
2061 1930 2104 1985 4

1001 2020 1197 2060 sensus
1226 2011 1425 2058 natura
1456 1997 1528 2057 ad
1555 1994 1815 2056 notitiam
1843 2006 1903 2054 et
1927 1994 2099 2052 intel·

1081 2080 1369 2160 ligentiam
1397 2078 1754 2139 contendunt
1985 2091 2102 2151 720

1001 2181 1202 2303 :23:33
1227 2160 1523 2300 533⁰*oe
1547 2160 1857 2298 ⁸⁰b³⁸⁰3²3÷0
1903 2257 1943 2317 p
1981 2173 2101 2315 1Ξέ

1000 2343 1199 2383 000000
1240 2322 1445 2381 00111101
1485 2320 1819 2381 dormientis
1861 2338 2067 2378 munus

1983 2417 2102 2475 310

999 2505 1195 2546 sensus
1250 2485 1309 2543 in
1363 2504 1424 2543 se
1477 2495 1537 2543 et
1590 2481 1650 2542 in
1697 2479 2104 2560 imaginatione

1082 2586 1290 2646 magno
1318 2564 1640 2624 discrimine
1667 2582 1831 2644 agere
1981 2561 2102 2636 614

1001 2667 1198 2707 sensus
1226 2667 1351 2727 quae
1380 2648 1624 2725 requirat
1980 2661 2102 2717 440

1000 2749 1218 2796 sensus,
1248 2730 1346 2806 qui
1373 2727 1431 2785 in
1462 2726 1676 2785 mundo
1703 2737 1764 2784 et
1789 2723 1967 2783 stellis
1994 2737 2100 2792 est,

1081 2809 1369 2888 quomodo
1395 2827 1430 2866 a
1456 2819 1651 2866 nostro
1677 2805 1895 2864 differat
1983 2805 2101 2879 418

1002 2909 1198 2949 sensus
1225 2889 1373 2949 sitne
1390 2887 1651 2947 utilitatis
1678 2898 1903 2945 tantum
1923 2887 2104 2966 gratia

1082 2991 1118 3030 a
1144 2983 1342 3030 natura
1368 2969 1613 3028 tributus
1980 2967 2103 3041 416

1002 3069 1200 3112 sensus
1226 3054 1543 3131 subJectum
2071 3067 2094 3106 1

1002 3152 1202 3194 sensus
1216 3134 1517 3191 exteriores
1533 3128 1698 3188 lineis
1714 3126 2104 3197 similes,com·

1083 3213 1273 3273 munis
1298 3232 1433 3272 vero
1456 3230 1656 3270 sensus
1682 3223 1893 3289 puncto
1982 3210 2102 3284 462

1003 3316 1231 3356 sensum
1274 3292 1561 3354 moventia
1599 3290 1913 3352 accidentia
1952 3302 2089 3350 sunt

1741 3373 1862 3433 Fic.
1897 3393 1954 3451 p.
1983 3390 2104 3448 320

1000 3477 1168 3519 sensu
1196 3459 1487 3516 hominem
1529 3468 1661 3534 post
1695 3466 1883 3514 ortum
1912 3452 1994 3513 uti
2019 3452 2102 3513 ci·

1081 3540 1211 3609 tius,
1238 3559 1410 3617 quam
1440 3549 1632 3596 mente
1986 3550 2098 3612 555

1001 3639 1197 3681 sensus
1224 3619 1471 3698 quinque
1502 3617 1791 3696 quomodo
1825 3617 1888 3674 in
1928 3636 2103 3675 unum

1079 3721 1444 3761 communem
1481 3718 1710 3759 sensum
1749 3701 2102 3778 conjungan-

1083 3796 1176 3842 tur
1982 3778 2102 3853 664

999 3882 1196 3924 sensus
1236 3874 1297 3921 et
1333 3860 1624 3940 passiones
1665 3859 1983 3919 differentes
2029 3879 2102 3918 an

1082 3945 1329 4009 obstent.
1348 3961 1462 4020 quo
1477 3943 1665 4000 minus
1687 3942 1744 3998 in
1768 3940 2000 3998 homine
2028 3939 2103 3999 sit

1083 4043 1198 4083 una
1222 4024 1431 4091 anima,
1454 4035 1514 4081 et
1534 4021 1596 4080 in
1624 4020 1838 4080 mundo
1855 4040 1969 4079 una
1984 4021 2103 4097 649

1001 4124 1269 4166 sensuum
1298 4104 1673 4162 instrumenta
1978 4104 2102 4177 416

1002 4204 1267 4247 sensuum
1296 4183 1425 4243 finis
1450 4183 1704 4263 cognitio
1979 4184 2098 4258 348

1002 4285 1270 4328 sensuum
1324 4265 1699 4324 instrumenta
1752 4284 1852 4324 cur
1894 4283 1930 4322 a
1973 4264 2104 4323 Deo

1083 4346 1352 4407 fabricata
1981 4346 2097 4421 692

1002 4448 1268 4490 sensuum
1291 4428 1515 4507 objecta
1535 4424 1725 4508 colligi
1750 4425 1810 4485 in
1835 4446 1949 4485 uno
1970 4445 2101 4485 sen·

1084 4531 1149 4570 su
1176 4510 1541 4568 confirmatur
1980 4508 2094 4583 461

1003 4611 1268 4653 sensuum
1319 4592 1543 4669 objecta
1594 4608 1713 4647 non
1761 4607 1984 4668 semper
2030 4588 2102 4648 ad

1083 4672 1329 4732 animam
1360 4668 1695 4750 perveniunt
1980 4688 2095 4744 402

1001 4753 1259 4816 sensibus
1280 4755 1339 4811 in
1369 4749 1786 4810 sublimioribus
1812 4750 2101 4829 haudqua-

1081 4853 1251 4914 quam
1300 4833 1468 4891 fidem
1522 4832 1899 4911 praestandam
1952 4833 2103 4890 unde

1080 4915 1446 4977 convincatur
1982 4929 2097 4990 592

999 4997 1280 5059 sensibilis
1308 4994 1553 5053 mundus
1581 4993 1874 5072 multiplex
1981 5013 2100 5071 490

999 5078 1262 5140 sensibile
1282 5095 1488 5155 corpus
1506 5089 1664 5135 extra
1680 5074 1953 5134 mundum
1973 5075 2100 5133 nul-

1080 5162 1195 5218 lum
1980 5175 2099 5233 450

999 5238 1351 5301 sensibilium
1393 5237 1721 5317 passionum
1751 5256 1899 5295 unus
1928 5237 2101 5316 Judex

999 5399 1346 5461 sensibilium
1377 5400 1575 5459 formoe
1612 5418 1729 5458 000
1759 5396 2096 5477 imprimun-

1081 5492 1171 5538 tur
1199 5479 1257 5537 in
1286 5478 1474 5538 anima
1980 5495 2053 5555 45
2069 5497 2090 5536 1

999 5561 1263 5622 sensitiva
1289 5560 1545 5639 potentia
1571 5561 1759 5619 differt
1784 5578 1819 5617 0
1845 5560 2102 5636 potentia

1079 5640 1518 5723 concupiscendi
1544 5653 1603 5701 et
1627 5639 1904 5700 irascendi
1981 5658 2097 5717 393

2172 697 2428 756 sensuale
2453 694 2592 776 quid

2174 777 2445 838 sensualis
2473 778 2649 837 virtus
2965 775 3085 835 Fic.
3116 796 3172 855 p.
3196 792 3277 850 49

2174 859 2445 919 sensualis
2474 860 2554 919 vis
2582 856 2855 937 imagines
2883 877 3065 917 rerum
3094 854 3275 915 sensi-

2258 940 2456 1001 bilium
2482 940 2723 1021 percipit
3238 954 3279 1010 4

2176 1021 2451 1081 sensualis
2492 1021 2666 1081 virtus
2706 1020 2853 1080 circa
2879 1038 3004 1098 quae
3031 1028 3281 1077 versetur

2179 1183 2451 1265 septimus
2492 1203 2675 1242 annus
2719 1193 2903 1242 mutat
2941 1113 3276 1260 corpus49⁷

2933 1262 3051 1321 Fic.
3082 1282 3136 1341 p.
3165 1278 3282 1335 224

2180 1344 2457 1425 septimus
2493 1344 2616 1404 dies
2660 1344 2719 1404 in
2766 1343 2979 1403 morbis
3017 1361 3280 1422 magnam

2261 1427 2369 1484 vim
2398 1427 2570 1486 habet
3203 1422 3280 1482 ib.

2180 1507 2425 1586 septima
2462 1508 2666 1568 domus
2706 1508 2897 1566 hostes
2938 1504 3217 1585 significat

2931 1586 3052 1645 Fic.
3083 1606 3139 1665 p.
3166 1603 3281 1662 209

2180 1668 2524 1750 septenarius
2563 1670 2626 1728 in
2674 1687 2858 1729 rerum
2909 1664 3284 1747 productione

2939 1748 3058 1808 Fic.
3089 1768 3143 1826 p.
3167 1762 3275 1823 271

2180 1831 2455 1911 septimus
2494 1831 2617 1892 dies
2659 1844 2719 1891 et
2757 1850 2941 1891 annus
2980 1828 3207 1889 criticus

2933 1910 3049 1971 Fic.
3080 1931 3139 1990 p.
3169 1928 3283 1985 224

2181 1992 2527 2073 septenarius
2567 2006 2782 2053 naturae
2822 2012 2953 2053 acce
2994 2005 3085 2052 tus

2984 2072 3052 2133 10.
3081 2092 3139 2153 p.
3163 2089 3275 2148 223

2181 2156 2762 2250 septenariomumero
2781 2167 3015 2294 uterqlue
3038 2154 3283 2213 mundus

2181 2248 2732 2458 ,εέἓξξῗῗζῗῃω
2793 2318 2917 2386 a...
2973 2251 3282 2394 3ἕοζῖιὲ

2262 2419 2333 2457 00
2376 2412 2491 2459 0110
3208 2416 3231 2455 1

2183 2480 2460 2540 sermonis
2477 2478 2708 2559 triplicis
2728 2478 3015 2538 distinctio
3036 2479 3105 2537 F.
3127 2498 3180 2557 p.
3208 2416 3282 2558 13

2181 2581 2411 2641 serpens
2454 2562 2635 2620 alatus
2677 2561 2912 2620 caudam
2951 2579 3050 2618 ore
3082 2579 3283 2638 appre-

2262 2643 2533 2711 hendens,
2562 2640 2699 2720 quid
2727 2640 3012 2722 AEgyptiis
3039 2641 3279 2700 denota-

2262 2726 2403 2783 verit
2938 2722 3060 2781 Fic.
3084 2741 3141 2800 p.
3166 2738 3279 2798 227

2182 2805 2458 2883 serpentis
2486 2802 2780 2864 fascinatio
3161 2821 3278 2880 435

2181 2906 2372 2945 servus
2398 2898 2540 2965 quot
2580 2885 2763 2944 modis
2789 2884 2914 2961 quis
2948 2903 3068 2943 esse
3103 2884 3284 3023 possig

2181 3048 2320 3106 servi
2351 3059 2492 3126 quot
2516 3046 2830 3106 rationibus
2857 3046 3032 3106 simus
3164 3062 3277 3124 735

2182 3128 2418 3187 servitus
2458 3140 2518 3187 et
2561 3128 2788 3187 libertas
2819 3127 2967 3188 circa
3001 3147 3125 3206 quae
3158 3146 3283 3187 ver-

2262 3222 2457 3267 sentur
3165 3225 3281 3285 740

2181 3290 2413 3350 servitus
2442 3311 2543 3350 cur
2570 3290 2919 3368 improbetur
3163 3305 3276 3367 737

2182 3371 2459 3432 servitutis
2500 3385 2562 3432 et
2601 3372 2873 3431 libertatis
2911 3371 3117 3452 gradus
3157 3373 3273 3431 duo

2181 3532 2460 3672 sessipslet
2498 3547 2678 3593 status
2721 3547 2924 3613 praeter
2964 3453 3281 3614 subjecguffi

2263 3635 2318 3674 m
2362 3635 2377 3673 1
3163 3632 3273 3693 571

2182 3697 2385 3756 Sextus
2415 3697 2757 3773 Pyrrhonius
2938 3694 3056 3756 Fic.
3088 3717 3144 3776 p.
3162 3698 3277 3773 683

2182 3790 2343 3837 sexto
2400 3777 2491 3835 die
2546 3798 2647 3837 cur
2696 3776 2857 3837 finita
2911 3776 3123 3837 fuerint
3170 3777 3281 3838 Dei

2181 3878 2681 3999 sidzgesscendens
2712 3958 2947 3999 curnam
2975 3860 3100 4000 1111,ῑὲ
3124 3879 3280 4020 11111Ξῖ

2262 4019 2470 4099 cipium
2501 4018 2782 4098 significet
2940 4022 2989 4080 F
2990 4020 3059 4081 10.
3080 4043 3140 4118 p.
3167 4041 3282 4099 209

2183 4102 2337 4161 sidus
2378 4101 2688 4161 ascendens
2711 4121 2842 4161 cum
2872 4101 3053 4161 vivere
3076 4101 3284 4180 incipit

2262 4183 2449 4252 foetus,
2480 4181 2748 4261 astrologi
2778 4183 3044 4263 ignorant
3204 4183 3279 4242 ib.

2181 4265 2344 4344 signa
2371 4278 2521 4322 recta
2546 4275 2606 4321 et
2630 4263 2859 4342 obliqua
2936 4264 3054 4323 Fic.
3084 4284 3140 4343 p.
3167 4283 3278 4324 222

2181 4344 2344 4425 signa
2379 4363 2678 4424 corporum
2718 4357 3038 4404 nostrorum
3068 4365 3169 4403 cur
3193 4344 3278 4403 in-

2262 4438 2418 4485 certa
2931 4424 3054 4485 Fic.
3083 4446 3137 4504 p.
3165 4427 3281 4485 226

2181 4506 2469 4587 signorum
2501 4506 2671 4585 plena
2695 4505 2888 4564 omnia
3168 4524 3272 4580 141

2182 4588 2661 4668 significationum
2690 4587 2903 4647 utilitas
2927 4586 3050 4647 Fic.
3080 4606 3138 4667 p.
3160 4606 3279 4663 402

2181 4668 2495 4729 similitudo
2520 4668 2728 4748 duplex
3209 4688 3230 4726 1
3246 4687 3278 4726 2

2181 4750 2491 4847 similitudo
2518 4749 2694 4808 nostri
2722 4749 2790 4809 ad
2818 4748 3104 4808 bominem
3141 4770 3282 4830 qua·

2181 4832 2495 4973 simlilitudo
2522 4911 2597 4970 ad
2621 4912 2808 4970 Deum
3211 4847 3278 4989 i}

2182 4993 2491 5053 similitudo
2532 5012 2784 5051 amorem
2825 5003 3083 5070 procreat

2927 5072 3054 5132 Fic.
3085 5093 3138 5152 p.
3167 5091 3274 5131 211

2181 5154 2567 5215 similitudinis
2596 5154 2708 5212 duo
2740 5152 2893 5212 modi
2974 5153 3090 5212 Fic.
3119 5174 3180 5233 p.
3210 5169 3279 5230 17

2179 5236 2364 5296 01111110
2390 5238 2658 5316 cognosci
2684 5234 2870 5303 simili,
2887 5235 3172 5314 quomodo
3193 5233 3284 5293 in-

2264 5316 2631 5396 telligendum
2935 5315 3057 5376 Fic.
3086 5337 3144 5410 p.
3167 5331 3279 5394 275

2180 5397 2382 5457 similia
2405 5400 2522 5456 fieri
2549 5399 2744 5455 omnia
2770 5397 2919 5456 haud
2947 5397 3137 5457 decuit
3168 5400 3287 5470 264

2180 5478 2515 5537 simulachra
2540 5498 2861 5556 repercussa
3167 5497 3278 5555 203

2179 5557 2510 5637 simplicitas
2531 5558 2829 5618 uniformis
2844 5559 3133 5639 quomodo
3154 5579 3284 5639 pos-

2260 5640 2506 5700 sideatur
2935 5640 3052 5700 Fic.
3081 5661 3137 5720 p.
3162 5658 3278 5718 443

1980 520 2295 588 INDEX
2339 523 2690 591 RERUM
2735 523 2865 587 ET
2911 513 3467 585 VERBORUM.

3157 690 3278 768 696
3356 690 3716 771 simplicitate
3743 695 3865 776 ipsa
3899 696 3982 757 nil
4014 699 4270 780 superius
4303 702 4458 784 cogi·

3439 775 3543 833 tari
3570 789 3762 856 potest
4342 785 4462 862 756

3359 855 3593 936 simplex
3635 878 3706 918 an
3749 859 4196 940 compositorum
4237 883 4419 945 genus

3360 1016 3639 1099 simplicia
3678 1041 3914 1103 corpora
3950 1024 4269 1104 composita
4307 1039 4443 1086 sunt

3361 1179 3642 1259 simplicia
3660 1202 3762 1242 cur
3781 1182 4114 1246 indissoluta
4138 1188 4255 1247 Fic.
4274 1207 4330 1268 p.
4349 1124 4459 1265 ¹33

3362 1261 3702 1341 simplicium
3743 1285 4044 1346 corporum
4086 1268 4269 1347 qualis
4313 1270 4464 1329 aetio

4115 1348 4234 1409 Fic.
4262 1371 4317 1430 p.
4342 1352 4461 1427 506

3360 1423 3837 1503 simplicissimum
3867 1429 4020 1507 quod
4042 1441 4147 1501 est,
4173 1431 4259 1490 sui
4287 1431 4461 1512 ipsius

3442 1505 3872 1588 intelligentiam
3903 1531 4018 1570 non
4051 1513 4221 1570 habet
4342 1528 4413 1589 51
4432 1532 4455 1572 1

3360 1585 3644 1668 singulare
3686 1592 3974 1669 quomodo
4013 1605 4389 1671 cognoscatur

4111 1673 4231 1733 Fic.
4261 1696 4318 1754 p.
4341 1675 4457 1753 653

3362 1748 3667 1829 singularia
3683 1770 3752 1811 ex
3774 1751 3936 1812 astris
3963 1773 4079 1816 non
4100 1754 4462 1836 colliguntur,

3442 1831 3541 1888 sed
3569 1832 3897 1893 communia
4113 1837 4230 1896 Fic.
4262 1857 4320 1916 p.
4346 1856 4411 1896 21
4431 1855 4455 1896 1

3363 1911 3624 1971 Socrates
3640 1912 3699 1971 in
3716 1914 3952 1974 extasim
3970 1935 4119 1995 saepe
4135 1930 4327 1996 raptus
4340 1937 4458 1995 423

3360 1991 3449 2051 001
3475 2012 3508 2051 a
3537 1993 3845 2056 Platonicis
3873 1997 4137 2057 adoratus
4379 2001 4461 2060 ib.

3361 2072 3449 2132 sol
3476 2073 3623 2134 filius
3649 2076 3759 2134 Dei
3786 2077 4018 2137 visibilis
4380 2079 4459 2141 ib.

3361 2154 3445 2212 sol
3473 2174 3572 2214 cor
3599 2158 3796 2217 mundi
4339 2179 4456 2235 422

3361 2236 3446 2294 001
3469 2249 3530 2295 et
3547 2235 3683 2296 luna
3708 2257 3810 2297 cnr
3828 2241 4180 2318 planetarum
4201 2241 4459 2302 omnium

3444 2317 3672 2376 maximi
3698 2334 4006 2399 appareant
4380 2341 4454 2402 93

3361 2398 3447 2456 001
3467 2411 3526 2457 01
3546 2399 3680 2459 luna
3703 2401 3943 2461 maxime
3965 2401 4023 2461 in
4046 2423 4151 2462 nos
4179 2416 4357 2485 agunt
4381 2405 4456 2464 ib.

3361 2481 3445 2539 sol
3474 2480 3719 2539 exsiccat
4117 2484 4235 2544 Fic.
4264 2506 4321 2564 p.
4344 2503 4456 2564 215

3360 2561 3446 2619 001
3487 2562 3775 2639 quomodo
3812 2576 4045 2644 generet
4083 2565 4359 2625 naturalia

4113 2645 4231 2707 Fic.
4263 2668 4317 2727 p.
4340 2667 4459 2725 430

3361 2722 3447 2781 001
3484 2744 3519 2782 a
3554 2725 4069 2802 perturbationibus
4112 2731 4330 2808 magnis
4374 2748 4459 2787 re-

3444 2817 3651 2875 motus,
3691 2820 3861 2886 atque
3905 2808 4236 2887 prudentior
4279 2809 4459 2869 homi·

3442 2884 3607 2944 nibus
4345 2909 4454 2950 202

3361 2965 3498 3025 solis
3524 2967 3678 3026 calor
4348 2990 4450 3031 101

3362 3046 3498 3106 solis
3527 3050 3607 3106 vis
4113 3050 4231 3112 Fic.
4261 3073 4316 3132 p.
4342 3071 4454 3130 231

3361 3127 3496 3187 00110
3523 3130 3713 3189 radius
3743 3142 3994 3190 mutatur
4109 3133 4160 3191 F
4161 3132 4229 3192 ic.
4258 3153 4316 3213 p.
4339 3135 4457 3209 408

3361 3209 3495 3269 00110
3523 3210 3661 3270 radii
3690 3231 3791 3270 cur
3816 3212 4003 3272 minus
4030 3213 4173 3272 firmi
4203 3233 4459 3295 perseve-

3443 3304 3572 3351 rent
4337 3297 4452 3374 653

3362 3372 3496 3432 solis
3524 3372 3769 3434 ambitus
4110 3376 4227 3435 Fic.
4257 3397 4313 3456 p.
4343 3395 4450 3456 175

3362 3453 3496 3513 00110
3537 3467 3597 3514 01
3634 3455 3839 3515 Martis
3879 3456 4036 3516 calor
4074 3455 4314 3516 diversus

4110 3536 4227 3597 Fic.
4299 3581 4312 3596 .
4337 3558 4369 3598 2
4386 3539 4455 3598 16

3361 3615 3498 3676 00110
3540 3616 3706 3677 radiis
3747 3617 3965 3677 nativus
4005 3618 4150 3678 inest
4275 3639 4340 3679 or

4110 3699 4227 3760 Fic.
4260 3722 4313 3780 p.
4340 3717 4453 3778 217

3361 3778 3538 3838 solem
3570 3792 3734 3838 vocat
3760 3779 3922 3839 Plato
3947 3782 4248 3841 secundam
4277 3784 4458 3861 0111101-

3441 3880 3561 3919 ram
4349 3883 4453 3922 101

3361 3940 3538 4000 solem
3562 3942 3713 4000 lunae
3738 3942 4053 4022 propiorem
4083 3963 4205 4003 esse
4229 3945 4460 4005 Mercu-

3441 4022 3525 4081 rio
3577 4035 3636 4082 et
3690 4024 3911 4083 Venere
3963 4024 4194 4104 physica
4248 4025 4462 4086 ratione

3441 4104 3709 4181 probatur

3360 4183 3536 4242 solem
3585 4183 3840 4263 proxime
3887 4187 4044 4264 sequi
4094 4185 4289 4246 lunam
4335 4187 4458 4267 qui-

3442 4284 3575 4323 nam
3603 4265 3854 4324 arbitrati
3885 4266 4092 4325 fuerint
4117 4267 4238 4328 Fic.
4266 4289 4321 4348 p.
4351 4284 4454 4347 175

3361 4344 3543 4404 solida
3582 4366 3683 4405 cur
3725 4366 3785 4406 se
3832 4346 4070 4406 invicem
4121 4369 4235 4408 non
4285 4369 4458 4430 pene-

3441 4438 3596 4485 trent
4347 4431 4461 4490 186

3361 4506 3615 4566 soliditas
3642 4507 3905 4567 omnibus
3933 4510 4098 4569 rebus
4126 4509 4276 4570 inest
4352 4531 4455 4571 101

3361 4587 3613 4647 soliditas
3653 4590 3941 4668 quomodo
3982 4589 4117 4651 insit
4156 4593 4321 4651 rebus

4105 4672 4226 4732 Fic.
4257 4695 4315 4752 p.
4348 4692 4455 4751 173

3363 4749 3686 4810 Solomonis
3731 4749 3868 4809 illud
3894 4774 3909 4809 =
3967 4753 4184 4812 Omnia
4222 4757 4460 4824 vanitas,

3443 4831 3729 4910 quomodo
3751 4830 4179 4913 intelligendum
4196 4838 4261 4895 F.
4274 4857 4331 4916 p.
4344 4836 4459 4915 548

3363 4931 3483 4971 sors
3510 4911 3845 4992 contingens
3871 4913 3960 4972 vix
3986 4914 4265 4976 invenitur
4289 4918 4349 4977 in
4375 4918 4463 4976 ul·

3443 4993 3619 5062 timis,
3649 4995 3859 5054 nedum
3890 4994 4074 5073 primo
4345 5016 4455 5074 741

3363 5092 3484 5133 0010
3512 5075 3756 5134 bominis
3796 5077 4066 5156 perpendi
4094 5078 4330 5138 omnino
4361 5100 4458 5139 ne·

3443 5156 3567 5233 quit
4111 5159 4231 5219 Fic.
4261 5181 4315 5239 p.
4345 5161 4459 5219 226

3362 5236 3530 5296 sortis
3555 5237 3684 5297 vitae
3711 5257 3891 5297 causae
4113 5240 4233 5300 Fic.
4264 5262 4320 5321 p.
4345 5259 4453 5320 235

3363 5330 3543 5377 sortes
3583 5320 3717 5397 quid
3759 5318 4074 5399 significent
4111 5322 4333 5381 Platoni

4112 5404 4230 5463 Fic.
4261 5423 4318 5482 p.
4343 5405 4457 5482 267

3363 5478 3545 5557 spatia
3569 5481 3870 5540 conferunt
3894 5482 4219 5560 corporibus
4355 5487 4465 5546 166

3350 5560 3578 5640 species
3605 5574 3694 5621 est
3718 5560 3926 5640 aliquid
3953 5562 4327 5646 intelligentia
4362 5568 4462 5627 de·

3446 5641 3671 5702 finitum
4350 5665 4461 5726 722
