<?xml version="1.0" encoding="UTF-8"?>
<!DOCTYPE html PUBLIC "-//W3C//DTD XHTML 1.0 Transitional//EN"
    "http://www.w3.org/TR/xhtml1/DTD/xhtml1-transitional.dtd">
<html xmlns="http://www.w3.org/1999/xhtml" xml:lang="en" lang="en">
 <head>
  <title>
</title>
<meta http-equiv="Content-Type" content="text/html;charset=utf-8" />
  <meta name='ocr-system' content='tesseract 3.04.00' />
  <meta name='ocr-capabilities' content='ocr_page ocr_carea ocr_par ocr_line ocrx_word'/>
</head>
<body>
  <div class='ocr_page' id='page_1' title='image "./plotinioperaomn00chumgoog_0314.png"; bbox 0 0 5118 6613; ppageno 0'>
   <div class='ocr_carea' id='block_1_1' title="bbox 1064 551 1191 636">
    <p class='ocr_par' dir='ltr' id='par_1_1' title="bbox 1064 551 1191 636">
     <span class='ocr_line' id='line_1_1' title="bbox 1064 551 1191 636; baseline -0.016 -21"><span class='ocrx_word' id='word_1_1' title='bbox 1064 551 1191 636; x_wconf 84' lang='lat'><strong>308</strong></span> 
     </span>
    </p>
   </div>
   <div class='ocr_carea' id='block_1_2' title="bbox 1066 711 2761 2245">
    <p class='ocr_par' dir='ltr' id='par_1_2' title="bbox 1066 711 2761 2245">
     <span class='ocr_line' id='line_1_2' title="bbox 1066 711 2749 810; baseline -0.007 -22"><span class='ocrx_word' id='word_1_2' title='bbox 1066 748 1130 810; x_wconf 88' lang='lat' dir='ltr'><strong>p.</strong></span> <span class='ocrx_word' id='word_1_3' title='bbox 1176 721 1327 804; x_wconf 87' lang='lat'><strong>480.</strong></span> <span class='ocrx_word' id='word_1_4' title='bbox 1388 723 1510 786; x_wconf 73' lang='grc' dir='ltr'><strong>πῦς</strong></span> <span class='ocrx_word' id='word_1_5' title='bbox 1563 715 1840 799; x_wconf 79' lang='grc' dir='ltr'>λέγωμεν</span> <span class='ocrx_word' id='word_1_6' title='bbox 1896 713 2006 780; x_wconf 89' lang='lat' dir='ltr'><strong>ubi</strong></span> <span class='ocrx_word' id='word_1_7' title='bbox 2062 712 2165 779; x_wconf 89' lang='lat' dir='ltr'><strong>alii</strong></span> <span class='ocrx_word' id='word_1_8' title='bbox 2222 713 2501 797; x_wconf 81' lang='grc' dir='ltr'>λέγομεν.</span> <span class='ocrx_word' id='word_1_9' title='bbox 2606 711 2749 777; x_wconf 90' lang='lat' dir='ltr'><strong>Vid.</strong></span> 
     </span>
     <span class='ocr_line' id='line_1_3' title="bbox 1069 815 2751 906; baseline -0.007 -15"><span class='ocrx_word' id='word_1_10' title='bbox 1069 824 1332 890; x_wconf 87' lang='lat' dir='ltr'><strong>Heindf.</strong></span> <span class='ocrx_word' id='word_1_11' title='bbox 1362 822 1443 886; x_wconf 90' lang='lat' dir='ltr'><strong>ad</strong></span> <span class='ocrx_word' id='word_1_12' title='bbox 1472 841 1617 885; x_wconf 90' lang='lat' dir='ltr'><strong>eum</strong></span> <span class='ocrx_word' id='word_1_13' title='bbox 1646 818 1966 906; x_wconf 85' lang='lat' dir='ltr'><strong>dialogum</strong></span> <span class='ocrx_word' id='word_1_14' title='bbox 1996 840 2063 905; x_wconf 89' lang='lat' dir='ltr'><strong>p.</strong></span> <span class='ocrx_word' id='word_1_15' title='bbox 2082 819 2189 903; x_wconf 87' lang='lat'><strong>63.</strong></span> <span class='ocrx_word' id='word_1_16' title='bbox 2216 832 2279 881; x_wconf 90' lang='lat' dir='ltr'><strong>et</strong></span> <span class='ocrx_word' id='word_1_17' title='bbox 2308 840 2373 904; x_wconf 89' lang='lat' dir='ltr'><strong>p.</strong></span> <span class='ocrx_word' id='word_1_18' title='bbox 2400 835 2537 900; x_wconf 94' lang='grc'><strong>109.</strong></span> <span class='ocrx_word' id='word_1_19' title='bbox 2568 831 2632 880; x_wconf 92' lang='lat' dir='ltr'><strong>et</strong></span> <span class='ocrx_word' id='word_1_20' title='bbox 2670 815 2751 880; x_wconf 90' lang='lat' dir='ltr'><strong>ad</strong></span> 
     </span>
     <span class='ocr_line' id='line_1_4' title="bbox 1071 919 2751 1015; baseline -0.008 -20"><span class='ocrx_word' id='word_1_21' title='bbox 1071 929 1318 994; x_wconf 82' lang='lat' dir='ltr'><strong>Theaet.</strong></span> <span class='ocrx_word' id='word_1_22' title='bbox 1349 949 1417 1015; x_wconf 89' lang='lat' dir='ltr'><strong>p.</strong></span> <span class='ocrx_word' id='word_1_23' title='bbox 1439 944 1590 1007; x_wconf 88' lang='lat'><strong>441.</strong></span> <span class='ocrx_word' id='word_1_24' title='bbox 1621 921 1729 987; x_wconf 89' lang='lat' dir='ltr'><strong>sed</strong></span> <span class='ocrx_word' id='word_1_25' title='bbox 1761 922 1843 986; x_wconf 84' lang='lat' dir='ltr'><strong>cf.</strong></span> <span class='ocrx_word' id='word_1_26' title='bbox 1880 919 2173 985; x_wconf 83' lang='lat' dir='ltr'><strong>Matthiae</strong></span> <span class='ocrx_word' id='word_1_27' title='bbox 2204 920 2319 984; x_wconf 89' lang='lat' dir='ltr'><strong>Gr.</strong></span> <span class='ocrx_word' id='word_1_28' title='bbox 2353 920 2469 984; x_wconf 87' lang='lat' dir='ltr'><strong>Gr.</strong></span> <span class='ocrx_word' id='word_1_29' title='bbox 2505 920 2568 1002; x_wconf 65' lang='grc' dir='ltr'><strong>ξ.</strong></span> <span class='ocrx_word' id='word_1_30' title='bbox 2598 919 2751 1003; x_wconf 88' lang='lat'><strong>516.</strong></span> 
     </span>
     <span class='ocr_line' id='line_1_5' title="bbox 1066 1020 2750 1110; baseline -0.009 -12"><span class='ocrx_word' id='word_1_31' title='bbox 1066 1048 1195 1097; x_wconf 89' lang='lat' dir='ltr'><strong>not.</strong></span> <span class='ocrx_word' id='word_1_32' title='bbox 1229 1049 1288 1096; x_wconf 88' lang='lat'><strong>2.</strong></span> <span class='ocrx_word' id='word_1_33' title='bbox 1377 1026 1569 1093; x_wconf 87' lang='lat' dir='ltr'>Adde</span> <span class='ocrx_word' id='word_1_34' title='bbox 1606 1025 1686 1090; x_wconf 92' lang='lat' dir='ltr'><strong>de</strong></span> <span class='ocrx_word' id='word_1_35' title='bbox 1725 1047 1843 1089; x_wconf 91' lang='lat' dir='ltr'><strong>usu</strong></span> <span class='ocrx_word' id='word_1_36' title='bbox 1876 1024 2104 1089; x_wconf 88' lang='lat' dir='ltr'><strong>Futuri</strong></span> <span class='ocrx_word' id='word_1_37' title='bbox 2145 1022 2210 1087; x_wconf 90' lang='lat' dir='ltr'><strong>in</strong></span> <span class='ocrx_word' id='word_1_38' title='bbox 2253 1021 2615 1110; x_wconf 88' lang='lat' dir='ltr'><strong>hujusmodi</strong></span> <span class='ocrx_word' id='word_1_39' title='bbox 2657 1020 2750 1084; x_wconf 88' lang='lat' dir='ltr'><strong>in-</strong></span> 
     </span>
     <span class='ocr_line' id='line_1_6' title="bbox 1068 1124 2753 1221; baseline -0.008 -22"><span class='ocrx_word' id='word_1_40' title='bbox 1068 1130 1586 1221; x_wconf 88' lang='lat' dir='ltr'><strong>terrogationibus</strong></span> <span class='ocrx_word' id='word_1_41' title='bbox 1615 1132 1782 1193; x_wconf 86' lang='lat' dir='ltr'><strong>Acta</strong></span> <span class='ocrx_word' id='word_1_42' title='bbox 1815 1124 2056 1192; x_wconf 81' lang='lat' dir='ltr'><strong>Philon.</strong></span> <span class='ocrx_word' id='word_1_43' title='bbox 2090 1126 2379 1190; x_wconf 88' lang='lat' dir='ltr'><strong>Monacc.</strong></span> <span class='ocrx_word' id='word_1_44' title='bbox 2414 1125 2468 1189; x_wconf 92' lang='lat'><strong>1.</strong></span> <span class='ocrx_word' id='word_1_45' title='bbox 2505 1149 2572 1213; x_wconf 92' lang='lat' dir='ltr'><strong>p.</strong></span> <span class='ocrx_word' id='word_1_46' title='bbox 2607 1141 2753 1210; x_wconf 86' lang='lat'><strong>232.</strong></span> 
     </span>
     <span class='ocr_line' id='line_1_7' title="bbox 1066 1260 2750 1430; baseline -0.007 -24"><span class='ocrx_word' id='word_1_47' title='bbox 1066 1260 1220 1430; x_wconf 41' lang='lat'><strong>³¹13)-</strong></span> <span class='ocrx_word' id='word_1_48' title='bbox 1248 1357 1432 1413; x_wconf 86' lang='lat'><strong>1012,</strong></span> <span class='ocrx_word' id='word_1_49' title='bbox 1459 1354 1554 1423; x_wconf 90' lang='lat'><strong>15.</strong></span> <span class='ocrx_word' id='word_1_50' title='bbox 1585 1339 1655 1416; x_wconf 76' lang='grc' dir='ltr'>τῇ</span> <span class='ocrx_word' id='word_1_51' title='bbox 1689 1337 1756 1399; x_wconf 76' lang='grc' dir='ltr'>ἐν</span> <span class='ocrx_word' id='word_1_52' title='bbox 1783 1338 1864 1421; x_wconf 76' lang='grc' dir='ltr'>τῷ</span> <span class='ocrx_word' id='word_1_53' title='bbox 1904 1335 2031 1399; x_wconf 84' lang='grc' dir='ltr'>ὄντι</span> <span class='ocrx_word' id='word_1_54' title='bbox 2076 1333 2224 1415; x_wconf 78' lang='grc' dir='ltr'>πρὸς</span> <span class='ocrx_word' id='word_1_55' title='bbox 2264 1334 2420 1397; x_wconf 75' lang='grc' dir='ltr'>ἄλλο</span> <span class='ocrx_word' id='word_1_56' title='bbox 2459 1331 2750 1419; x_wconf 74' lang='grc' dir='ltr'>γειτονίᾳ]</span> 
     </span>
     <span class='ocr_line' id='line_1_8' title="bbox 1071 1435 2750 1527; baseline -0.008 -17"><span class='ocrx_word' id='word_1_57' title='bbox 1071 1447 1215 1509; x_wconf 84' lang='grc' dir='ltr'><strong>Ηο0</strong></span> <span class='ocrx_word' id='word_1_58' title='bbox 1244 1466 1321 1508; x_wconf 85' lang='lat' dir='ltr'><strong>ex</strong></span> <span class='ocrx_word' id='word_1_59' title='bbox 1351 1440 1521 1506; x_wconf 89' lang='lat' dir='ltr'><strong>libris</strong></span> <span class='ocrx_word' id='word_1_60' title='bbox 1548 1437 1832 1527; x_wconf 84' lang='lat' dir='ltr'><strong>plurimis</strong></span> <span class='ocrx_word' id='word_1_61' title='bbox 1858 1435 2084 1526; x_wconf 89' lang='lat' dir='ltr'><strong>recepi.</strong></span> <span class='ocrx_word' id='word_1_62' title='bbox 2174 1435 2358 1514; x_wconf 85' lang='lat' dir='ltr'><strong>Quod</strong></span> <span class='ocrx_word' id='word_1_63' title='bbox 2395 1457 2613 1518; x_wconf 81' lang='lat' dir='ltr'><strong>margo</strong></span> <span class='ocrx_word' id='word_1_64' title='bbox 2641 1456 2750 1498; x_wconf 86' lang='lat' dir='ltr'><strong>ex·</strong></span> 
     </span>
     <span class='ocr_line' id='line_1_9' title="bbox 1069 1537 2752 1628; baseline -0.007 -15"><span class='ocrx_word' id='word_1_65' title='bbox 1069 1548 1261 1624; x_wconf 86' lang='lat' dir='ltr'><strong>hibet,</strong></span> <span class='ocrx_word' id='word_1_66' title='bbox 1302 1544 1615 1628; x_wconf 76' lang='grc' dir='ltr'>γειτονείᾳ,</span> <span class='ocrx_word' id='word_1_67' title='bbox 1662 1540 1836 1605; x_wconf 87' lang='lat' dir='ltr'><strong>nihili</strong></span> <span class='ocrx_word' id='word_1_68' title='bbox 1880 1555 1996 1605; x_wconf 86' lang='lat' dir='ltr'><strong>est.</strong></span> <span class='ocrx_word' id='word_1_69' title='bbox 2089 1538 2265 1624; x_wconf 90' lang='lat' dir='ltr'><strong>(Vid.</strong></span> <span class='ocrx_word' id='word_1_70' title='bbox 2300 1537 2520 1626; x_wconf 88' lang='lat' dir='ltr'><strong>Steph.</strong></span> <span class='ocrx_word' id='word_1_71' title='bbox 2554 1538 2752 1602; x_wconf 78' lang='lat' dir='ltr'><strong>Thes.</strong></span> 
     </span>
     <span class='ocr_line' id='line_1_10' title="bbox 1068 1638 2755 1740; baseline -0.005 -25"><span class='ocrx_word' id='word_1_72' title='bbox 1068 1675 1135 1740; x_wconf 91' lang='lat' dir='ltr'><strong>p.</strong></span> <span class='ocrx_word' id='word_1_73' title='bbox 1171 1650 1355 1714; x_wconf 84' lang='lat'><strong>2886.</strong></span> <span class='ocrx_word' id='word_1_74' title='bbox 1400 1645 1500 1711; x_wconf 91' lang='lat' dir='ltr'><strong>ed.</strong></span> <span class='ocrx_word' id='word_1_75' title='bbox 1537 1644 1808 1711; x_wconf 88' lang='lat' dir='ltr'><strong>Londin.</strong></span> <span class='ocrx_word' id='word_1_76' title='bbox 1917 1645 2077 1707; x_wconf 90' lang='lat' dir='ltr'><strong>Mox</strong></span> <span class='ocrx_word' id='word_1_77' title='bbox 2123 1642 2204 1707; x_wconf 90' lang='lat' dir='ltr'><strong>ad</strong></span> <span class='ocrx_word' id='word_1_78' title='bbox 2254 1638 2755 1721; x_wconf 83' lang='grc' dir='ltr'>διακονησαμένης</span> 
     </span>
     <span class='ocr_line' id='line_1_11' title="bbox 1068 1742 2754 1836; baseline -0.009 -16"><span class='ocrx_word' id='word_1_79' title='bbox 1068 1753 1295 1820; x_wconf 85' lang='lat' dir='ltr'>adhibe</span> <span class='ocrx_word' id='word_1_80' title='bbox 1340 1751 1574 1816; x_wconf 89' lang='lat' dir='ltr'><strong>Thom.</strong></span> <span class='ocrx_word' id='word_1_81' title='bbox 1605 1747 1866 1836; x_wconf 88' lang='lat' dir='ltr'><strong>Magist.</strong></span> <span class='ocrx_word' id='word_1_82' title='bbox 1915 1770 1977 1834; x_wconf 90' lang='lat' dir='ltr'><strong>p.</strong></span> <span class='ocrx_word' id='word_1_83' title='bbox 2013 1748 2158 1809; x_wconf 89' lang='lat'><strong>216.</strong></span> <span class='ocrx_word' id='word_1_84' title='bbox 2234 1742 2647 1828; x_wconf 82' lang='lat' dir='ltr'><strong>Oudendorp.</strong></span> <span class='ocrx_word' id='word_1_85' title='bbox 2690 1756 2754 1805; x_wconf 92' lang='lat' dir='ltr'><strong>et</strong></span> 
     </span>
     <span class='ocr_line' id='line_1_12' title="bbox 1070 1841 2750 1936; baseline -0.01 -13"><span class='ocrx_word' id='word_1_86' title='bbox 1070 1855 1373 1923; x_wconf 90' lang='lat' dir='ltr'><strong>Bernard.</strong></span> <span class='ocrx_word' id='word_1_87' title='bbox 1418 1853 1766 1917; x_wconf 81' lang='lat' dir='ltr'><strong>Aristoenet.</strong></span> <span class='ocrx_word' id='word_1_88' title='bbox 1814 1849 2023 1936; x_wconf 83' lang='lat' dir='ltr'><strong>Epist.</strong></span> <span class='ocrx_word' id='word_1_89' title='bbox 2055 1848 2156 1913; x_wconf 90' lang='lat'><strong>11.</strong></span> <span class='ocrx_word' id='word_1_90' title='bbox 2190 1863 2250 1930; x_wconf 91' lang='lat'><strong>7.</strong></span> <span class='ocrx_word' id='word_1_91' title='bbox 2297 1869 2359 1934; x_wconf 89' lang='lat' dir='ltr'><strong>p.</strong></span> <span class='ocrx_word' id='word_1_92' title='bbox 2397 1865 2536 1926; x_wconf 90' lang='lat'><strong>149.</strong></span> <span class='ocrx_word' id='word_1_93' title='bbox 2574 1841 2750 1907; x_wconf 89' lang='lat' dir='ltr'><strong>Bois-</strong></span> 
     </span>
     <span class='ocr_line' id='line_1_13' title="bbox 1067 1954 2751 2036; baseline -0.01 -10"><span class='ocrx_word' id='word_1_94' title='bbox 1067 1983 1235 2026; x_wconf 89' lang='lat' dir='ltr'><strong>son.:</strong></span> <span class='ocrx_word' id='word_1_95' title='bbox 1284 1954 1702 2035; x_wconf 80' lang='grc' dir='ltr'>διακονουμένη</span> <span class='ocrx_word' id='word_1_96' title='bbox 1744 1956 1861 2036; x_wconf 77' lang='grc' dir='ltr'><strong>γὰρ</strong></span> <span class='ocrx_word' id='word_1_97' title='bbox 1903 1954 2128 2035; x_wconf 77' lang='grc' dir='ltr'>ἀμφοῖν</span> <span class='ocrx_word' id='word_1_98' title='bbox 2154 1955 2229 2015; x_wconf 73' lang='grc' dir='ltr'>τὰ</span> <span class='ocrx_word' id='word_1_99' title='bbox 2254 1954 2538 2015; x_wconf 82' lang='grc' dir='ltr'>δοκοῦντα</span> <span class='ocrx_word' id='word_1_100' title='bbox 2580 1962 2644 2012; x_wconf 89' lang='lat' dir='ltr'><strong>et</strong></span> <span class='ocrx_word' id='word_1_101' title='bbox 2687 1970 2751 2033; x_wconf 91' lang='lat' dir='ltr'><strong>p.</strong></span> 
     </span>
     <span class='ocr_line' id='line_1_14' title="bbox 1075 2051 2761 2150; baseline -0.009 -21"><span class='ocrx_word' id='word_1_102' title='bbox 1075 2084 1231 2150; x_wconf 83' lang='lat'><strong>150:</strong></span> <span class='ocrx_word' id='word_1_103' title='bbox 1280 2065 1333 2128; x_wconf 76' lang='grc' dir='ltr'>εἰ</span> <span class='ocrx_word' id='word_1_104' title='bbox 1358 2058 1764 2141; x_wconf 76' lang='grc' dir='ltr'>βούλει-ἐμὲ</span> <span class='ocrx_word' id='word_1_105' title='bbox 1807 2054 2203 2137; x_wconf 74' lang='grc' dir='ltr'>συμπράττειν</span> <span class='ocrx_word' id='word_1_106' title='bbox 2231 2053 2326 2118; x_wconf 83' lang='grc' dir='ltr'><strong>καὶ</strong></span> <span class='ocrx_word' id='word_1_107' title='bbox 2355 2051 2761 2116; x_wconf 86' lang='grc' dir='ltr'>διακονεῖσθαί</span> 
     </span>
     <span class='ocr_line' id='line_1_15' title="bbox 1068 2152 2756 2245; baseline -0.009 -13"><span class='ocrx_word' id='word_1_108' title='bbox 1068 2194 1167 2232; x_wconf 89' lang='grc' dir='ltr'><strong>σοι</strong></span> <span class='ocrx_word' id='word_1_109' title='bbox 1193 2165 1378 2230; x_wconf 88' lang='grc' dir='ltr'>πάλιν</span> <span class='ocrx_word' id='word_1_110' title='bbox 1404 2163 1729 2245; x_wconf 79' lang='grc' dir='ltr'>προθύμως.</span> <span class='ocrx_word' id='word_1_111' title='bbox 1780 2157 1880 2223; x_wconf 86' lang='lat' dir='ltr'><strong>Cf.</strong></span> <span class='ocrx_word' id='word_1_112' title='bbox 1912 2157 2094 2222; x_wconf 87' lang='lat' dir='ltr'><strong>etiam</strong></span> <span class='ocrx_word' id='word_1_113' title='bbox 2127 2154 2393 2221; x_wconf 83' lang='lat' dir='ltr'><strong>Dorvill.</strong></span> <span class='ocrx_word' id='word_1_114' title='bbox 2426 2153 2508 2220; x_wconf 90' lang='lat' dir='ltr'><strong>ad</strong></span> <span class='ocrx_word' id='word_1_115' title='bbox 2539 2152 2756 2218; x_wconf 86' lang='lat' dir='ltr'><strong>Chari-</strong></span> 
     </span>
    </p>
   </div>
   <div class='ocr_carea' id='block_1_3' title="bbox 1064 2257 2757 5641">
    <p class='ocr_par' dir='ltr' id='par_1_3' title="bbox 1066 2257 2755 2770">
     <span class='ocr_line' id='line_1_16' title="bbox 1069 2257 2750 2352; baseline -0.008 -18"><span class='ocrx_word' id='word_1_116' title='bbox 1069 2267 1415 2334; x_wconf 90' lang='lat' dir='ltr'><strong>ton.V111.</strong></span> <span class='ocrx_word' id='word_1_117' title='bbox 1435 2265 1492 2328; x_wconf 87' lang='lat'><strong>8.</strong></span> <span class='ocrx_word' id='word_1_118' title='bbox 1523 2287 1585 2352; x_wconf 89' lang='lat' dir='ltr'><strong>p.</strong></span> <span class='ocrx_word' id='word_1_119' title='bbox 1607 2264 1752 2343; x_wconf 85' lang='lat'><strong>641.</strong></span> <span class='ocrx_word' id='word_1_120' title='bbox 1781 2260 1879 2326; x_wconf 91' lang='lat' dir='ltr'><strong>ed.</strong></span> <span class='ocrx_word' id='word_1_121' title='bbox 1904 2261 2081 2349; x_wconf 90' lang='lat' dir='ltr'><strong>Lips.</strong></span> <span class='ocrx_word' id='word_1_122' title='bbox 2109 2258 2200 2348; x_wconf 93' lang='lat' dir='ltr'><strong>[p.</strong></span> <span class='ocrx_word' id='word_1_123' title='bbox 2225 2276 2369 2340; x_wconf 89' lang='lat'><strong>720.</strong></span> <span class='ocrx_word' id='word_1_124' title='bbox 2394 2258 2491 2323; x_wconf 88' lang='lat' dir='ltr'><strong>ed.</strong></span> <span class='ocrx_word' id='word_1_125' title='bbox 2514 2257 2750 2345; x_wconf 87' lang='lat' dir='ltr'><strong>Amst.]</strong></span> 
     </span>
     <span class='ocr_line' id='line_1_17' title="bbox 1069 2361 2749 2456; baseline -0.009 -18"><span class='ocrx_word' id='word_1_126' title='bbox 1069 2375 1358 2438; x_wconf 83' lang='lat' dir='ltr'><strong>Fortasse</strong></span> <span class='ocrx_word' id='word_1_127' title='bbox 1385 2382 1526 2456; x_wconf 91' lang='lat' dir='ltr'><strong>post</strong></span> <span class='ocrx_word' id='word_1_128' title='bbox 1555 2364 1797 2446; x_wconf 58' lang='lat' dir='ltr'><strong>verbali</strong></span> <span class='ocrx_word' id='word_1_129' title='bbox 1819 2370 2020 2451; x_wconf 79' lang='grc' dir='ltr'>ψυχῆς</span> <span class='ocrx_word' id='word_1_130' title='bbox 2046 2391 2205 2433; x_wconf 91' lang='grc' dir='ltr'>τινος</span> <span class='ocrx_word' id='word_1_131' title='bbox 2234 2362 2469 2451; x_wconf 87' lang='lat' dir='ltr'><strong>aliquid</strong></span> <span class='ocrx_word' id='word_1_132' title='bbox 2500 2361 2749 2427; x_wconf 83' lang='lat' dir='ltr'><strong>excidit.</strong></span> 
     </span>
     <span class='ocr_line' id='line_1_18' title="bbox 1069 2465 2749 2562; baseline -0.008 -21"><span class='ocrx_word' id='word_1_133' title='bbox 1069 2479 1148 2541; x_wconf 92' lang='lat' dir='ltr'><strong>In</strong></span> <span class='ocrx_word' id='word_1_134' title='bbox 1179 2472 1580 2562; x_wconf 81' lang='lat' dir='ltr'><strong>sequentibus</strong></span> <span class='ocrx_word' id='word_1_135' title='bbox 1604 2469 1928 2534; x_wconf 89' lang='lat' dir='ltr'><strong>lectionem</strong></span> <span class='ocrx_word' id='word_1_136' title='bbox 1965 2466 2259 2555; x_wconf 81' lang='lat' dir='ltr'><strong>marginis</strong></span> <span class='ocrx_word' id='word_1_137' title='bbox 2280 2465 2490 2531; x_wconf 84' lang='lat' dir='ltr'><strong>ubivis</strong></span> <span class='ocrx_word' id='word_1_138' title='bbox 2516 2465 2749 2551; x_wconf 83' lang='lat' dir='ltr'><strong>recepi-</strong></span> 
     </span>
     <span class='ocr_line' id='line_1_19' title="bbox 1066 2567 2755 2663; baseline -0.007 -19"><span class='ocrx_word' id='word_1_139' title='bbox 1066 2601 1230 2658; x_wconf 89' lang='lat' dir='ltr'><strong>mus,</strong></span> <span class='ocrx_word' id='word_1_140' title='bbox 1276 2587 1495 2663; x_wconf 88' lang='lat' dir='ltr'><strong>utpote</strong></span> <span class='ocrx_word' id='word_1_141' title='bbox 1540 2571 1714 2637; x_wconf 88' lang='lat' dir='ltr'><strong>libris</strong></span> <span class='ocrx_word' id='word_1_142' title='bbox 1760 2568 2285 2658; x_wconf 77' lang='lat' dir='ltr'><strong>adstipulantibus</strong></span> <span class='ocrx_word' id='word_1_143' title='bbox 2335 2586 2399 2634; x_wconf 92' lang='lat' dir='ltr'><strong>et</strong></span> <span class='ocrx_word' id='word_1_144' title='bbox 2452 2567 2755 2633; x_wconf 89' lang='lat' dir='ltr'><strong>sententia</strong></span> 
     </span>
     <span class='ocr_line' id='line_1_20' title="bbox 1067 2674 1884 2770; baseline -0.012 -23"><span class='ocrx_word' id='word_1_145' title='bbox 1067 2683 1201 2770; x_wconf 89' lang='lat' dir='ltr'><strong>ipsa</strong></span> <span class='ocrx_word' id='word_1_146' title='bbox 1226 2703 1361 2746; x_wconf 91' lang='lat' dir='ltr'><strong>eam</strong></span> <span class='ocrx_word' id='word_1_147' title='bbox 1392 2674 1884 2742; x_wconf 88' lang='lat' dir='ltr'><strong>commendante.</strong></span> 
     </span>
    </p>

    <p class='ocr_par' dir='ltr' id='par_1_4' title="bbox 1067 2773 2756 3176">
     <span class='ocr_line' id='line_1_21' title="bbox 1153 2773 2756 2870; baseline -0.006 -23"><span class='ocrx_word' id='word_1_148' title='bbox 1153 2806 1216 2870; x_wconf 92' lang='lat' dir='ltr'><strong>p.</strong></span> <span class='ocrx_word' id='word_1_149' title='bbox 1259 2800 1440 2860; x_wconf 81' lang='lat'><strong>1014,</strong></span> <span class='ocrx_word' id='word_1_150' title='bbox 1474 2798 1534 2843; x_wconf 87' lang='lat'><strong>2.</strong></span> <span class='ocrx_word' id='word_1_151' title='bbox 1581 2781 2027 2859; x_wconf 86' lang='grc' dir='ltr'>μετεωροπορεῖ,</span> <span class='ocrx_word' id='word_1_152' title='bbox 2058 2775 2228 2859; x_wconf 83' lang='grc' dir='ltr'>φησὶ,</span> <span class='ocrx_word' id='word_1_153' title='bbox 2275 2774 2371 2838; x_wconf 85' lang='grc' dir='ltr'><strong>καὶ</strong></span> <span class='ocrx_word' id='word_1_154' title='bbox 2411 2773 2607 2838; x_wconf 88' lang='grc' dir='ltr'>πάντα</span> <span class='ocrx_word' id='word_1_155' title='bbox 2648 2774 2756 2838; x_wconf 88' lang='grc' dir='ltr'><strong>τὸν</strong></span> 
     </span>
     <span class='ocr_line' id='line_1_22' title="bbox 1069 2875 2750 2969; baseline -0.006 -19"><span class='ocrx_word' id='word_1_156' title='bbox 1069 2885 1292 2965; x_wconf 83' lang='grc' dir='ltr'>κόσμον</span> <span class='ocrx_word' id='word_1_157' title='bbox 1322 2882 1554 2969; x_wconf 80' lang='grc' dir='ltr'>διοικεῖ]</span> <span class='ocrx_word' id='word_1_158' title='bbox 1591 2878 1774 2944; x_wconf 91' lang='lat' dir='ltr'><strong>Plato</strong></span> <span class='ocrx_word' id='word_1_159' title='bbox 1800 2877 2091 2942; x_wconf 88' lang='lat' dir='ltr'><strong>nimirum</strong></span> <span class='ocrx_word' id='word_1_160' title='bbox 2121 2877 2182 2940; x_wconf 88' lang='lat' dir='ltr'><strong>in</strong></span> <span class='ocrx_word' id='word_1_161' title='bbox 2214 2875 2486 2941; x_wconf 84' lang='lat' dir='ltr'><strong>Phaedro</strong></span> <span class='ocrx_word' id='word_1_162' title='bbox 2514 2899 2580 2964; x_wconf 90' lang='lat' dir='ltr'><strong>p.</strong></span> <span class='ocrx_word' id='word_1_163' title='bbox 2603 2877 2750 2958; x_wconf 90' lang='lat'><strong>246.</strong></span> 
     </span>
     <span class='ocr_line' id='line_1_23' title="bbox 1069 2977 2749 3066; baseline -0.005 -16"><span class='ocrx_word' id='word_1_164' title='bbox 1069 2987 1130 3051; x_wconf 92' lang='lat' dir='ltr'><strong>b.</strong></span> <span class='ocrx_word' id='word_1_165' title='bbox 1153 3009 1209 3050; x_wconf 90' lang='lat' dir='ltr'><strong>c.</strong></span> <span class='ocrx_word' id='word_1_166' title='bbox 1302 2985 1546 3048; x_wconf 90' lang='lat' dir='ltr'><strong>Locum</strong></span> <span class='ocrx_word' id='word_1_167' title='bbox 1587 2981 1756 3045; x_wconf 86' lang='lat' dir='ltr'><strong>hunc</strong></span> <span class='ocrx_word' id='word_1_168' title='bbox 1794 3002 1982 3066; x_wconf 88' lang='lat' dir='ltr'><strong>supra</strong></span> <span class='ocrx_word' id='word_1_169' title='bbox 2012 2977 2269 3043; x_wconf 85' lang='lat' dir='ltr'><strong>tractavi</strong></span> <span class='ocrx_word' id='word_1_170' title='bbox 2295 2977 2375 3041; x_wconf 89' lang='lat' dir='ltr'><strong>ad</strong></span> <span class='ocrx_word' id='word_1_171' title='bbox 2406 3000 2471 3065; x_wconf 90' lang='lat' dir='ltr'><strong>p.</strong></span> <span class='ocrx_word' id='word_1_172' title='bbox 2490 2981 2640 3064; x_wconf 87' lang='lat'><strong>376.</strong></span> <span class='ocrx_word' id='word_1_173' title='bbox 2663 2979 2749 3042; x_wconf 84' lang='lat' dir='ltr'><strong>G.</strong></span> 
     </span>
     <span class='ocr_line' id='line_1_24' title="bbox 1067 3081 2221 3176; baseline -0.009 -22"><span class='ocrx_word' id='word_1_174' title='bbox 1067 3104 1129 3154; x_wconf 89' lang='lat' dir='ltr'><strong>et</strong></span> <span class='ocrx_word' id='word_1_175' title='bbox 1159 3111 1225 3176; x_wconf 89' lang='lat' dir='ltr'><strong>p.</strong></span> <span class='ocrx_word' id='word_1_176' title='bbox 1251 3104 1401 3169; x_wconf 87' lang='lat'><strong>470.</strong></span> <span class='ocrx_word' id='word_1_177' title='bbox 1428 3088 1521 3159; x_wconf 87' lang='lat' dir='ltr'><strong>C;</strong></span> <span class='ocrx_word' id='word_1_178' title='bbox 1570 3082 1678 3148; x_wconf 91' lang='lat' dir='ltr'><strong>ubi</strong></span> <span class='ocrx_word' id='word_1_179' title='bbox 1707 3081 1958 3147; x_wconf 86' lang='lat' dir='ltr'><strong>consule</strong></span> <span class='ocrx_word' id='word_1_180' title='bbox 1985 3095 2221 3146; x_wconf 91' lang='lat' dir='ltr'><strong>annott.</strong></span> 
     </span>
    </p>

    <p class='ocr_par' dir='ltr' id='par_1_5' title="bbox 1064 3181 2757 4923">
     <span class='ocr_line' id='line_1_25' title="bbox 1152 3181 2752 3275; baseline -0.004 -22"><span class='ocrx_word' id='word_1_181' title='bbox 1152 3228 1238 3240; x_wconf 91' lang='lat'>—</span> <span class='ocrx_word' id='word_1_182' title='bbox 1264 3208 1330 3275; x_wconf 91' lang='lat'><strong>5.</strong></span> <span class='ocrx_word' id='word_1_183' title='bbox 1380 3189 1418 3268; x_wconf 87' lang='grc' dir='ltr'>ἡ</span> <span class='ocrx_word' id='word_1_184' title='bbox 1467 3186 2013 3271; x_wconf 78' lang='grc' dir='ltr'>γῆ-στρογγῦλη]</span> <span class='ocrx_word' id='word_1_185' title='bbox 2071 3181 2431 3248; x_wconf 88' lang='lat' dir='ltr'><strong>Rotundam</strong></span> <span class='ocrx_word' id='word_1_186' title='bbox 2485 3182 2752 3270; x_wconf 87' lang='lat' dir='ltr'><strong>figuram</strong></span> 
     </span>
     <span class='ocr_line' id='line_1_26' title="bbox 1068 3285 2755 3380; baseline -0.005 -19"><span class='ocrx_word' id='word_1_187' title='bbox 1068 3312 1271 3374; x_wconf 73' lang='lat' dir='ltr'><strong>teme,</strong></span> <span class='ocrx_word' id='word_1_188' title='bbox 1314 3314 1504 3380; x_wconf 90' lang='lat' dir='ltr'><strong>quam</strong></span> <span class='ocrx_word' id='word_1_189' title='bbox 1547 3286 2010 3378; x_wconf 90' lang='lat' dir='ltr'><strong>quodammodo</strong></span> <span class='ocrx_word' id='word_1_190' title='bbox 2051 3285 2348 3353; x_wconf 86' lang='lat' dir='ltr'><strong>deriserat</strong></span> <span class='ocrx_word' id='word_1_191' title='bbox 2389 3285 2755 3352; x_wconf 90' lang='lat' dir='ltr'><strong>Herodotus</strong></span> 
     </span>
     <span class='ocr_line' id='line_1_27' title="bbox 1070 3389 2749 3483; baseline -0.004 -21"><span class='ocrx_word' id='word_1_192' title='bbox 1070 3399 1222 3481; x_wconf 84' lang='lat' dir='ltr'><strong>(IV.</strong></span> <span class='ocrx_word' id='word_1_193' title='bbox 1239 3396 1378 3483; x_wconf 84' lang='lat'><strong>36.)</strong></span> <span class='ocrx_word' id='word_1_194' title='bbox 1403 3409 1467 3459; x_wconf 87' lang='lat' dir='ltr'><strong>et</strong></span> <span class='ocrx_word' id='word_1_195' title='bbox 1489 3391 1860 3458; x_wconf 85' lang='lat' dir='ltr'><strong>Aristoteles</strong></span> <span class='ocrx_word' id='word_1_196' title='bbox 1883 3389 2323 3476; x_wconf 87' lang='lat' dir='ltr'><strong>(Meteorolog.</strong></span> <span class='ocrx_word' id='word_1_197' title='bbox 2353 3390 2453 3454; x_wconf 90' lang='grc' dir='ltr'><strong>ΙΙ.</strong></span> <span class='ocrx_word' id='word_1_198' title='bbox 2470 3408 2530 3474; x_wconf 88' lang='lat'><strong>5.</strong></span> <span class='ocrx_word' id='word_1_199' title='bbox 2562 3413 2624 3477; x_wconf 92' lang='lat' dir='ltr'><strong>p.</strong></span> <span class='ocrx_word' id='word_1_200' title='bbox 2641 3407 2749 3475; x_wconf 89' lang='lat'><strong>55.</strong></span> 
     </span>
     <span class='ocr_line' id='line_1_28' title="bbox 1070 3493 2755 3589; baseline -0.005 -23"><span class='ocrx_word' id='word_1_201' title='bbox 1070 3500 1397 3589; x_wconf 85' lang='lat' dir='ltr'><strong>Sylburg.)</strong></span> <span class='ocrx_word' id='word_1_202' title='bbox 1457 3495 1748 3562; x_wconf 84' lang='lat' dir='ltr'><strong>Socratici</strong></span> <span class='ocrx_word' id='word_1_203' title='bbox 1808 3493 2058 3582; x_wconf 86' lang='lat' dir='ltr'><strong>plurimi</strong></span> <span class='ocrx_word' id='word_1_204' title='bbox 2118 3493 2403 3558; x_wconf 88' lang='lat' dir='ltr'><strong>statuisse</strong></span> <span class='ocrx_word' id='word_1_205' title='bbox 2457 3493 2755 3558; x_wconf 87' lang='lat' dir='ltr'><strong>dicuntur</strong></span> 
     </span>
     <span class='ocr_line' id='line_1_29' title="bbox 1071 3596 2752 3686; baseline -0.005 -17"><span class='ocrx_word' id='word_1_206' title='bbox 1071 3601 1422 3686; x_wconf 90' lang='lat' dir='ltr'><strong>(Cleomed.</strong></span> <span class='ocrx_word' id='word_1_207' title='bbox 1463 3603 1734 3666; x_wconf 89' lang='lat' dir='ltr'><strong>Meteor.</strong></span> <span class='ocrx_word' id='word_1_208' title='bbox 1767 3599 1970 3664; x_wconf 86' lang='lat' dir='ltr'><strong>VIII.</strong></span> <span class='ocrx_word' id='word_1_209' title='bbox 2015 3620 2081 3685; x_wconf 92' lang='lat' dir='ltr'><strong>p.</strong></span> <span class='ocrx_word' id='word_1_210' title='bbox 2108 3615 2216 3679; x_wconf 91' lang='lat'><strong>40.</strong></span> <span class='ocrx_word' id='word_1_211' title='bbox 2265 3620 2329 3685; x_wconf 92' lang='lat' dir='ltr'><strong>p.</strong></span> <span class='ocrx_word' id='word_1_212' title='bbox 2361 3617 2468 3682; x_wconf 93' lang='lat'><strong>51.</strong></span> <span class='ocrx_word' id='word_1_213' title='bbox 2517 3596 2752 3679; x_wconf 89' lang='lat' dir='ltr'><strong>Bakii).</strong></span> 
     </span>
     <span class='ocr_line' id='line_1_30' title="bbox 1064 3699 2753 3774; baseline -0.005 0"><span class='ocrx_word' id='word_1_214' title='bbox 1064 3706 1351 3774; x_wconf 88' lang='lat' dir='ltr'><strong>Eandem</strong></span> <span class='ocrx_word' id='word_1_215' title='bbox 1399 3703 1763 3770; x_wconf 89' lang='lat' dir='ltr'><strong>sententiam</strong></span> <span class='ocrx_word' id='word_1_216' title='bbox 1806 3715 2022 3767; x_wconf 89' lang='lat' dir='ltr'><strong>tuetur</strong></span> <span class='ocrx_word' id='word_1_217' title='bbox 2050 3699 2356 3766; x_wconf 90' lang='lat' dir='ltr'><strong>Claudius</strong></span> <span class='ocrx_word' id='word_1_218' title='bbox 2396 3699 2500 3765; x_wconf 86' lang='lat' dir='ltr'><strong>ille</strong></span> <span class='ocrx_word' id='word_1_219' title='bbox 2542 3700 2753 3766; x_wconf 91' lang='lat' dir='ltr'><strong>Ptole-</strong></span> 
     </span>
     <span class='ocr_line' id='line_1_31' title="bbox 1065 3803 2749 3891; baseline -0.002 -17"><span class='ocrx_word' id='word_1_220' title='bbox 1065 3833 1262 3876; x_wconf 82' lang='lat' dir='ltr'><strong>maeus</strong></span> <span class='ocrx_word' id='word_1_221' title='bbox 1304 3830 1448 3873; x_wconf 90' lang='grc'><strong>011111</strong></span> <span class='ocrx_word' id='word_1_222' title='bbox 1478 3808 1539 3871; x_wconf 90' lang='lat' dir='ltr'><strong>in</strong></span> <span class='ocrx_word' id='word_1_223' title='bbox 1574 3813 1813 3889; x_wconf 89' lang='grc' dir='ltr'>Μεγαλ.</span> <span class='ocrx_word' id='word_1_224' title='bbox 1846 3810 2095 3885; x_wconf 76' lang='grc' dir='ltr'>Συνταξ.</span> <span class='ocrx_word' id='word_1_225' title='bbox 2139 3804 2267 3869; x_wconf 84' lang='lat' dir='ltr'><strong>sive</strong></span> <span class='ocrx_word' id='word_1_226' title='bbox 2306 3803 2658 3891; x_wconf 84' lang='lat' dir='ltr'><strong>Almagest.</strong></span> <span class='ocrx_word' id='word_1_227' title='bbox 2692 3806 2749 3870; x_wconf 92' lang='grc' dir='ltr'><strong>Ι.</strong></span> 
     </span>
     <span class='ocr_line' id='line_1_32' title="bbox 1065 3907 2755 3996; baseline -0.004 -19"><span class='ocrx_word' id='word_1_228' title='bbox 1065 3930 1202 3977; x_wconf 91' lang='lat' dir='ltr'><strong>tum</strong></span> <span class='ocrx_word' id='word_1_229' title='bbox 1260 3912 1325 3975; x_wconf 90' lang='lat' dir='ltr'><strong>in</strong></span> <span class='ocrx_word' id='word_1_230' title='bbox 1384 3909 1744 3996; x_wconf 86' lang='lat' dir='ltr'><strong>Geograph.</strong></span> <span class='ocrx_word' id='word_1_231' title='bbox 1780 3909 1836 3972; x_wconf 95' lang='grc' dir='ltr'><strong>Ι.</strong></span> <span class='ocrx_word' id='word_1_232' title='bbox 1869 3927 1931 3990; x_wconf 92' lang='lat'><strong>7.</strong></span> <span class='ocrx_word' id='word_1_233' title='bbox 1999 3909 2159 3971; x_wconf 90' lang='lat' dir='ltr'><strong>V11.</strong></span> <span class='ocrx_word' id='word_1_234' title='bbox 2185 3927 2249 3993; x_wconf 94' lang='lat'><strong>5.</strong></span> <span class='ocrx_word' id='word_1_235' title='bbox 2307 3907 2390 3971; x_wconf 85' lang='lat' dir='ltr'><strong>cf.</strong></span> <span class='ocrx_word' id='word_1_236' title='bbox 2433 3907 2755 3972; x_wconf 89' lang='lat' dir='ltr'><strong>Mannerti</strong></span> 
     </span>
     <span class='ocr_line' id='line_1_33' title="bbox 1069 4009 2751 4101; baseline -0.002 -21"><span class='ocrx_word' id='word_1_237' title='bbox 1069 4017 1306 4101; x_wconf 86' lang='lat' dir='ltr'><strong>Geogr.</strong></span> <span class='ocrx_word' id='word_1_238' title='bbox 1330 4014 1566 4078; x_wconf 83' lang='lat' dir='ltr'><strong>Graecc.</strong></span> <span class='ocrx_word' id='word_1_239' title='bbox 1597 4029 1661 4076; x_wconf 90' lang='lat' dir='ltr'><strong>et</strong></span> <span class='ocrx_word' id='word_1_240' title='bbox 1691 4012 1937 4076; x_wconf 81' lang='lat' dir='ltr'><strong>Romm.</strong></span> <span class='ocrx_word' id='word_1_241' title='bbox 1963 4012 2022 4076; x_wconf 98' lang='lat' dir='ltr'><strong>I.</strong></span> <span class='ocrx_word' id='word_1_242' title='bbox 2051 4034 2113 4099; x_wconf 92' lang='lat' dir='ltr'><strong>p.</strong></span> <span class='ocrx_word' id='word_1_243' title='bbox 2146 4030 2282 4093; x_wconf 88' lang='lat'><strong>144.</strong></span> <span class='ocrx_word' id='word_1_244' title='bbox 2306 4033 2442 4096; x_wconf 87' lang='lat' dir='ltr'><strong>sqq.</strong></span> <span class='ocrx_word' id='word_1_245' title='bbox 2490 4009 2751 4076; x_wconf 91' lang='lat' dir='ltr'><strong>Uckert.</strong></span> 
     </span>
     <span class='ocr_line' id='line_1_34' title="bbox 1067 4111 2755 4205; baseline -0.004 -22"><span class='ocrx_word' id='word_1_246' title='bbox 1067 4120 1306 4205; x_wconf 86' lang='lat' dir='ltr'><strong>Geogr.</strong></span> <span class='ocrx_word' id='word_1_247' title='bbox 1341 4118 1583 4181; x_wconf 86' lang='lat' dir='ltr'><strong>Graecc.</strong></span> <span class='ocrx_word' id='word_1_248' title='bbox 1617 4130 1681 4178; x_wconf 92' lang='lat' dir='ltr'><strong>et</strong></span> <span class='ocrx_word' id='word_1_249' title='bbox 1710 4114 1955 4178; x_wconf 89' lang='lat' dir='ltr'><strong>Romm.</strong></span> <span class='ocrx_word' id='word_1_250' title='bbox 1993 4115 2051 4178; x_wconf 91' lang='lat'><strong>1.</strong></span> <span class='ocrx_word' id='word_1_251' title='bbox 2097 4137 2159 4201; x_wconf 92' lang='lat' dir='ltr'><strong>p.</strong></span> <span class='ocrx_word' id='word_1_252' title='bbox 2197 4132 2341 4197; x_wconf 88' lang='lat'><strong>299.</strong></span> <span class='ocrx_word' id='word_1_253' title='bbox 2386 4128 2450 4177; x_wconf 87' lang='lat' dir='ltr'><strong>et</strong></span> <span class='ocrx_word' id='word_1_254' title='bbox 2497 4111 2755 4178; x_wconf 87' lang='lat' dir='ltr'><strong>Sickleri</strong></span> 
     </span>
     <span class='ocr_line' id='line_1_35' title="bbox 1071 4217 2756 4304; baseline -0.003 -18"><span class='ocrx_word' id='word_1_255' title='bbox 1071 4218 1479 4286; x_wconf 84' lang='lat' dir='ltr'><strong>Euchiridion</strong></span> <span class='ocrx_word' id='word_1_256' title='bbox 1514 4217 1873 4304; x_wconf 87' lang='lat' dir='ltr'><strong>Geograph.</strong></span> <span class='ocrx_word' id='word_1_257' title='bbox 1909 4219 2067 4281; x_wconf 86' lang='lat' dir='ltr'><strong>Ant.</strong></span> <span class='ocrx_word' id='word_1_258' title='bbox 2098 4239 2164 4303; x_wconf 93' lang='lat' dir='ltr'><strong>p.</strong></span> <span class='ocrx_word' id='word_1_259' title='bbox 2192 4217 2483 4295; x_wconf 84' lang='lat' dir='ltr'><strong>XLIV.)</strong></span> <span class='ocrx_word' id='word_1_260' title='bbox 2551 4217 2756 4303; x_wconf 89' lang='lat' dir='ltr'><strong>Cujus</strong></span> 
     </span>
     <span class='ocr_line' id='line_1_36' title="bbox 1069 4318 2752 4408; baseline -0.001 -23"><span class='ocrx_word' id='word_1_261' title='bbox 1069 4323 1186 4388; x_wconf 82' lang='lat' dir='ltr'><strong>viri</strong></span> <span class='ocrx_word' id='word_1_262' title='bbox 1216 4321 1549 4387; x_wconf 83' lang='lat' dir='ltr'><strong>auctoritas</strong></span> <span class='ocrx_word' id='word_1_263' title='bbox 1583 4320 1722 4385; x_wconf 90' lang='lat' dir='ltr'><strong>licet</strong></span> <span class='ocrx_word' id='word_1_264' title='bbox 1742 4321 1874 4408; x_wconf 89' lang='lat' dir='ltr'><strong>jam</strong></span> <span class='ocrx_word' id='word_1_265' title='bbox 1908 4318 2090 4384; x_wconf 88' lang='lat' dir='ltr'><strong>tertio</strong></span> <span class='ocrx_word' id='word_1_266' title='bbox 2118 4318 2364 4397; x_wconf 64' lang='lat' dir='ltr'><strong>saeculo,</strong></span> <span class='ocrx_word' id='word_1_267' title='bbox 2395 4342 2525 4406; x_wconf 91' lang='lat' dir='ltr'><strong>quo</strong></span> <span class='ocrx_word' id='word_1_268' title='bbox 2556 4318 2752 4384; x_wconf 90' lang='lat' dir='ltr'><strong>Ploti-</strong></span> 
     </span>
     <span class='ocr_line' id='line_1_37' title="bbox 1070 4422 2757 4512; baseline -0.003 -20"><span class='ocrx_word' id='word_1_269' title='bbox 1070 4449 1188 4492; x_wconf 73' lang='grc'><strong>11113</strong></span> <span class='ocrx_word' id='word_1_270' title='bbox 1219 4424 1448 4502; x_wconf 88' lang='lat' dir='ltr'><strong>floruit,</strong></span> <span class='ocrx_word' id='word_1_271' title='bbox 1480 4446 1820 4512; x_wconf 90' lang='lat' dir='ltr'><strong>permagna</strong></span> <span class='ocrx_word' id='word_1_272' title='bbox 1847 4437 2025 4500; x_wconf 89' lang='lat' dir='ltr'><strong>esset,</strong></span> <span class='ocrx_word' id='word_1_273' title='bbox 2061 4422 2227 4487; x_wconf 87' lang='lat' dir='ltr'><strong>bunc</strong></span> <span class='ocrx_word' id='word_1_274' title='bbox 2256 4439 2459 4487; x_wconf 91' lang='lat' dir='ltr'><strong>tamen</strong></span> <span class='ocrx_word' id='word_1_275' title='bbox 2487 4422 2757 4510; x_wconf 89' lang='lat' dir='ltr'><strong>philoso-</strong></span> 
     </span>
     <span class='ocr_line' id='line_1_38' title="bbox 1068 4525 2757 4618; baseline -0.003 -24"><span class='ocrx_word' id='word_1_276' title='bbox 1068 4530 1263 4618; x_wconf 88' lang='lat' dir='ltr'><strong>phum</strong></span> <span class='ocrx_word' id='word_1_277' title='bbox 1300 4527 1763 4592; x_wconf 87' lang='lat' dir='ltr'><strong>Platonicorum</strong></span> <span class='ocrx_word' id='word_1_278' title='bbox 1795 4542 2072 4591; x_wconf 87' lang='lat' dir='ltr'><strong>veterum</strong></span> <span class='ocrx_word' id='word_1_279' title='bbox 2108 4525 2332 4613; x_wconf 86' lang='lat' dir='ltr'><strong>placita</strong></span> <span class='ocrx_word' id='word_1_280' title='bbox 2361 4526 2475 4590; x_wconf 85' lang='lat' dir='ltr'><strong>hac</strong></span> <span class='ocrx_word' id='word_1_281' title='bbox 2505 4547 2757 4613; x_wconf 91' lang='lat' dir='ltr'><strong>quoque</strong></span> 
     </span>
     <span class='ocr_line' id='line_1_39' title="bbox 1068 4628 2754 4715; baseline -0.002 -20"><span class='ocrx_word' id='word_1_282' title='bbox 1068 4632 1131 4695; x_wconf 89' lang='lat' dir='ltr'><strong>in</strong></span> <span class='ocrx_word' id='word_1_283' title='bbox 1176 4655 1243 4695; x_wconf 92' lang='lat' dir='ltr'><strong>re</strong></span> <span class='ocrx_word' id='word_1_284' title='bbox 1287 4645 1564 4694; x_wconf 88' lang='lat' dir='ltr'><strong>secutum</strong></span> <span class='ocrx_word' id='word_1_285' title='bbox 1605 4628 2193 4693; x_wconf 88' lang='lat' dir='ltr'><strong>crediderim.—Ad</strong></span> <span class='ocrx_word' id='word_1_286' title='bbox 2227 4629 2543 4715; x_wconf 83' lang='lat' dir='ltr'><strong>proxima:</strong></span> <span class='ocrx_word' id='word_1_287' title='bbox 2596 4629 2692 4693; x_wconf 84' lang='grc' dir='ltr'><strong>καὶ</strong></span> <span class='ocrx_word' id='word_1_288' title='bbox 2720 4630 2754 4692; x_wconf 99' lang='lat'><strong>6</strong></span> 
     </span>
     <span class='ocr_line' id='line_1_40' title="bbox 1067 4731 2749 4819; baseline -0.001 -21"><span class='ocrx_word' id='word_1_289' title='bbox 1067 4735 1243 4814; x_wconf 70' lang='grc' dir='ltr'>λοξὸς</span> <span class='ocrx_word' id='word_1_290' title='bbox 1277 4733 1358 4797; x_wconf 84' lang='lat' dir='ltr'><strong>cf.</strong></span> <span class='ocrx_word' id='word_1_291' title='bbox 1404 4731 1607 4796; x_wconf 88' lang='lat' dir='ltr'><strong>locum</strong></span> <span class='ocrx_word' id='word_1_292' title='bbox 1654 4731 1971 4817; x_wconf 88' lang='lat' dir='ltr'><strong>geminum</strong></span> <span class='ocrx_word' id='word_1_293' title='bbox 2009 4732 2106 4795; x_wconf 93' lang='lat'><strong>11.</strong></span> <span class='ocrx_word' id='word_1_294' title='bbox 2141 4752 2202 4813; x_wconf 91' lang='lat'><strong>9.</strong></span> <span class='ocrx_word' id='word_1_295' title='bbox 2242 4752 2336 4795; x_wconf 87' lang='grc'><strong>12.</strong></span> <span class='ocrx_word' id='word_1_296' title='bbox 2389 4754 2453 4819; x_wconf 90' lang='lat' dir='ltr'><strong>p.</strong></span> <span class='ocrx_word' id='word_1_297' title='bbox 2494 4750 2638 4796; x_wconf 87' lang='lat'><strong>211.</strong></span> <span class='ocrx_word' id='word_1_298' title='bbox 2672 4732 2749 4796; x_wconf 92' lang='grc' dir='ltr'><strong>Β.</strong></span> 
     </span>
     <span class='ocr_line' id='line_1_41' title="bbox 1067 4832 2480 4923; baseline -0.001 -23"><span class='ocrx_word' id='word_1_299' title='bbox 1067 4836 1219 4923; x_wconf 88' lang='lat' dir='ltr'><strong>ibiq.</strong></span> <span class='ocrx_word' id='word_1_300' title='bbox 1252 4850 1463 4901; x_wconf 88' lang='lat' dir='ltr'><strong>annot.</strong></span> <span class='ocrx_word' id='word_1_301' title='bbox 1492 4834 1569 4898; x_wconf 90' lang='lat' dir='ltr'><strong>ad</strong></span> <span class='ocrx_word' id='word_1_302' title='bbox 1606 4834 1795 4897; x_wconf 84' lang='lat' dir='ltr'><strong>verba</strong></span> <span class='ocrx_word' id='word_1_303' title='bbox 1821 4832 2072 4913; x_wconf 76' lang='grc' dir='ltr'>λόξωσις</span> <span class='ocrx_word' id='word_1_304' title='bbox 2099 4840 2215 4898; x_wconf 81' lang='grc' dir='ltr'><strong>τῶν</strong></span> <span class='ocrx_word' id='word_1_305' title='bbox 2241 4836 2480 4911; x_wconf 75' lang='grc' dir='ltr'>ζωδίων.</span> 
     </span>
    </p>

    <p class='ocr_par' dir='ltr' id='par_1_6' title="bbox 1066 4936 2755 5641">
     <span class='ocr_line' id='line_1_42' title="bbox 1151 4936 2755 5019; baseline 0.002 -19"><span class='ocrx_word' id='word_1_306' title='bbox 1151 4974 1239 4987; x_wconf 94' lang='grc'>-</span> <span class='ocrx_word' id='word_1_307' title='bbox 1262 4955 1319 5019; x_wconf 91' lang='grc'><strong>7.</strong></span> <span class='ocrx_word' id='word_1_308' title='bbox 1368 4940 1473 5000; x_wconf 84' lang='grc' dir='ltr'>τοῦ</span> <span class='ocrx_word' id='word_1_309' title='bbox 1515 4936 2095 5018; x_wconf 78' lang='grc' dir='ltr'>συλλογισμοῦ-τὸ</span> <span class='ocrx_word' id='word_1_310' title='bbox 2141 4937 2755 5019; x_wconf 81' lang='grc' dir='ltr'>συμπέρασμα-τῶν</span> 
     </span>
     <span class='ocr_line' id='line_1_43' title="bbox 1066 5035 2751 5124; baseline -0.001 -19"><span class='ocrx_word' id='word_1_311' title='bbox 1066 5039 1461 5123; x_wconf 84' lang='grc' dir='ltr'>προτάσεων.]</span> <span class='ocrx_word' id='word_1_312' title='bbox 1522 5038 1621 5102; x_wconf 86' lang='lat' dir='ltr'><strong>Cf.</strong></span> <span class='ocrx_word' id='word_1_313' title='bbox 1656 5035 1907 5102; x_wconf 88' lang='lat' dir='ltr'><strong>Ocellus</strong></span> <span class='ocrx_word' id='word_1_314' title='bbox 1939 5039 2182 5102; x_wconf 85' lang='lat' dir='ltr'><strong>Lucan.</strong></span> <span class='ocrx_word' id='word_1_315' title='bbox 2215 5040 2273 5102; x_wconf 89' lang='lat'><strong>1.</strong></span> <span class='ocrx_word' id='word_1_316' title='bbox 2303 5060 2363 5124; x_wconf 83' lang='lat'><strong>3.</strong></span> <span class='ocrx_word' id='word_1_317' title='bbox 2427 5040 2751 5104; x_wconf 89' lang='lat' dir='ltr'><strong>Aristotel.</strong></span> 
     </span>
     <span class='ocr_line' id='line_1_44' title="bbox 1070 5139 2750 5228; baseline -0.001 -19"><span class='ocrx_word' id='word_1_318' title='bbox 1070 5142 1328 5209; x_wconf 82' lang='lat' dir='ltr'><strong>Elench.</strong></span> <span class='ocrx_word' id='word_1_319' title='bbox 1380 5139 1649 5228; x_wconf 83' lang='lat' dir='ltr'><strong>Sophist.</strong></span> <span class='ocrx_word' id='word_1_320' title='bbox 1687 5142 1745 5205; x_wconf 94' lang='lat' dir='ltr'><strong>I.</strong></span> <span class='ocrx_word' id='word_1_321' title='bbox 1785 5160 1883 5220; x_wconf 87' lang='lat'><strong>14.</strong></span> <span class='ocrx_word' id='word_1_322' title='bbox 1927 5163 1993 5227; x_wconf 94' lang='lat' dir='ltr'><strong>p.</strong></span> <span class='ocrx_word' id='word_1_323' title='bbox 2026 5162 2178 5221; x_wconf 86' lang='lat'><strong>444.</strong></span> <span class='ocrx_word' id='word_1_324' title='bbox 2220 5139 2391 5226; x_wconf 86' lang='lat' dir='ltr'><strong>Sylb.</strong></span> <span class='ocrx_word' id='word_1_325' title='bbox 2486 5142 2750 5219; x_wconf 82' lang='lat' dir='ltr'><strong>Quintil.</strong></span> 
     </span>
     <span class='ocr_line' id='line_1_45' title="bbox 1071 5243 2751 5324; baseline -0.001 -13"><span class='ocrx_word' id='word_1_326' title='bbox 1071 5248 1229 5311; x_wconf 84' lang='lat' dir='ltr'><strong>lust.</strong></span> <span class='ocrx_word' id='word_1_327' title='bbox 1262 5246 1440 5310; x_wconf 87' lang='lat' dir='ltr'><strong>Orat.</strong></span> <span class='ocrx_word' id='word_1_328' title='bbox 1475 5244 1550 5307; x_wconf 88' lang='lat' dir='ltr'><strong>V.</strong></span> <span class='ocrx_word' id='word_1_329' title='bbox 1593 5265 1658 5324; x_wconf 85' lang='lat'><strong>4.</strong></span> <span class='ocrx_word' id='word_1_330' title='bbox 1735 5243 1986 5308; x_wconf 87' lang='lat' dir='ltr'><strong>Ernesti</strong></span> <span class='ocrx_word' id='word_1_331' title='bbox 2034 5245 2197 5308; x_wconf 86' lang='lat' dir='ltr'><strong>Lex.</strong></span> <span class='ocrx_word' id='word_1_332' title='bbox 2230 5243 2534 5308; x_wconf 85' lang='lat' dir='ltr'><strong>Technol.</strong></span> <span class='ocrx_word' id='word_1_333' title='bbox 2569 5246 2751 5310; x_wconf 84' lang='lat' dir='ltr'><strong>Grae-</strong></span> 
     </span>
     <span class='ocr_line' id='line_1_46' title="bbox 1066 5345 2751 5432; baseline -0.001 -18"><span class='ocrx_word' id='word_1_334' title='bbox 1066 5372 1220 5414; x_wconf 90' lang='lat' dir='ltr'><strong>corr.</strong></span> <span class='ocrx_word' id='word_1_335' title='bbox 1256 5347 1513 5411; x_wconf 87' lang='lat' dir='ltr'><strong>Rhetor.</strong></span> <span class='ocrx_word' id='word_1_336' title='bbox 1559 5368 1624 5432; x_wconf 93' lang='lat' dir='ltr'><strong>p.</strong></span> <span class='ocrx_word' id='word_1_337' title='bbox 1651 5364 1797 5431; x_wconf 84' lang='lat'><strong>325.</strong></span> <span class='ocrx_word' id='word_1_338' title='bbox 1889 5345 2081 5410; x_wconf 89' lang='lat' dir='ltr'><strong>Adde</strong></span> <span class='ocrx_word' id='word_1_339' title='bbox 2127 5346 2415 5410; x_wconf 87' lang='lat' dir='ltr'><strong>Proclum</strong></span> <span class='ocrx_word' id='word_1_340' title='bbox 2447 5348 2508 5410; x_wconf 87' lang='lat' dir='ltr'><strong>in</strong></span> <span class='ocrx_word' id='word_1_341' title='bbox 2542 5347 2751 5412; x_wconf 87' lang='lat' dir='ltr'><strong>Alcib.</strong></span> 
     </span>
     <span class='ocr_line' id='line_1_47' title="bbox 1067 5447 2751 5539; baseline 0.001 -24"><span class='ocrx_word' id='word_1_342' title='bbox 1067 5474 1164 5539; x_wconf 92' lang='lat' dir='ltr'><strong>pr.</strong></span> <span class='ocrx_word' id='word_1_343' title='bbox 1209 5473 1275 5538; x_wconf 90' lang='lat' dir='ltr'><strong>p.</strong></span> <span class='ocrx_word' id='word_1_344' title='bbox 1306 5470 1451 5537; x_wconf 84' lang='lat'><strong>303.</strong></span> <span class='ocrx_word' id='word_1_345' title='bbox 1482 5464 1545 5513; x_wconf 90' lang='lat' dir='ltr'><strong>et</strong></span> <span class='ocrx_word' id='word_1_346' title='bbox 1575 5447 2007 5538; x_wconf 85' lang='lat' dir='ltr'><strong>Olympiodor.</strong></span> <span class='ocrx_word' id='word_1_347' title='bbox 2039 5449 2101 5514; x_wconf 93' lang='lat' dir='ltr'><strong>in</strong></span> <span class='ocrx_word' id='word_1_348' title='bbox 2131 5450 2318 5514; x_wconf 89' lang='lat' dir='ltr'><strong>eund.</strong></span> <span class='ocrx_word' id='word_1_349' title='bbox 2350 5473 2411 5537; x_wconf 88' lang='lat' dir='ltr'><strong>p.</strong></span> <span class='ocrx_word' id='word_1_350' title='bbox 2439 5471 2540 5537; x_wconf 90' lang='lat'><strong>99.</strong></span> <span class='ocrx_word' id='word_1_351' title='bbox 2576 5467 2636 5515; x_wconf 91' lang='lat' dir='ltr'><strong>et</strong></span> <span class='ocrx_word' id='word_1_352' title='bbox 2667 5452 2751 5516; x_wconf 86' lang='lat' dir='ltr'><strong>cf.</strong></span> 
     </span>
     <span class='ocr_line' id='line_1_48' title="bbox 1066 5550 2491 5641; baseline 0.001 -24"><span class='ocrx_word' id='word_1_353' title='bbox 1066 5553 1278 5641; x_wconf 88' lang='lat' dir='ltr'><strong>ipsum</strong></span> <span class='ocrx_word' id='word_1_354' title='bbox 1306 5569 1584 5618; x_wconf 90' lang='lat' dir='ltr'><strong>nostrum</strong></span> <span class='ocrx_word' id='word_1_355' title='bbox 1615 5551 1779 5615; x_wconf 85' lang='lat' dir='ltr'><strong>infra</strong></span> <span class='ocrx_word' id='word_1_356' title='bbox 1805 5550 1926 5615; x_wconf 90' lang='lat' dir='ltr'><strong>v1.</strong></span> <span class='ocrx_word' id='word_1_357' title='bbox 1957 5570 2017 5635; x_wconf 86' lang='lat'><strong>7.</strong></span> <span class='ocrx_word' id='word_1_358' title='bbox 2056 5573 2108 5616; x_wconf 88' lang='lat'><strong>1.</strong></span> <span class='ocrx_word' id='word_1_359' title='bbox 2145 5575 2207 5639; x_wconf 90' lang='lat' dir='ltr'><strong>p.</strong></span> <span class='ocrx_word' id='word_1_360' title='bbox 2231 5556 2379 5640; x_wconf 88' lang='lat'><strong>693.</strong></span> <span class='ocrx_word' id='word_1_361' title='bbox 2409 5557 2491 5618; x_wconf 83' lang='lat' dir='ltr'><strong>A.</strong></span> 
     </span>
    </p>
   </div>
   <div class='ocr_carea' id='block_1_4' title="bbox 2041 539 2862 607">
    <p class='ocr_par' dir='ltr' id='par_1_7' title="bbox 2041 539 2862 607">
     <span class='ocr_line' id='line_1_49' title="bbox 2041 539 2862 607; baseline -0.005 0"><span class='ocrx_word' id='word_1_362' title='bbox 2041 539 2862 607; x_wconf 87' lang='lat' dir='ltr'><strong>ANNOTATIONES</strong></span> 
     </span>
    </p>
   </div>
   <div class='ocr_carea' id='block_1_5' title="bbox 2932 537 3563 604">
    <p class='ocr_par' dir='ltr' id='par_1_8' title="bbox 2932 537 3563 604">
     <span class='ocr_line' id='line_1_50' title="bbox 2932 537 3563 604; baseline -0.005 0"><span class='ocrx_word' id='word_1_363' title='bbox 2932 540 3045 604; x_wconf 91' lang='lat' dir='ltr'><strong>IN</strong></span> <span class='ocrx_word' id='word_1_364' title='bbox 3113 537 3563 604; x_wconf 87' lang='lat' dir='ltr'><strong>PLOTINI</strong></span> 
     </span>
    </p>
   </div>
   <div class='ocr_carea' id='block_1_6' title="bbox 2838 709 4534 5636">
    <p class='ocr_par' dir='ltr' id='par_1_9' title="bbox 2838 709 4533 2136">
     <span class='ocr_line' id='line_1_51' title="bbox 2909 709 4523 798; baseline -0.001 -21"><span class='ocrx_word' id='word_1_365' title='bbox 2909 736 2973 798; x_wconf 92' lang='lat' dir='ltr'><strong>p.</strong></span> <span class='ocrx_word' id='word_1_366' title='bbox 3002 728 3265 797; x_wconf 87' lang='lat'><strong>1015‚4.</strong></span> <span class='ocrx_word' id='word_1_367' title='bbox 3301 709 3415 775; x_wconf 83' lang='grc' dir='ltr'><strong>Διὸ</strong></span> <span class='ocrx_word' id='word_1_368' title='bbox 3446 711 3541 775; x_wconf 85' lang='grc' dir='ltr'><strong>καὶ</strong></span> <span class='ocrx_word' id='word_1_369' title='bbox 3570 709 3834 775; x_wconf 79' lang='grc' dir='ltr'>Πλάτων</span> <span class='ocrx_word' id='word_1_370' title='bbox 3860 736 3914 776; x_wconf 86' lang='grc' dir='ltr'><strong>κ.</strong></span> <span class='ocrx_word' id='word_1_371' title='bbox 3936 735 3989 775; x_wconf 88' lang='grc' dir='ltr'>τ.</span> <span class='ocrx_word' id='word_1_372' title='bbox 4018 717 4235 776; x_wconf 79' lang='grc' dir='ltr'><strong>λ.-01</strong></span> <span class='ocrx_word' id='word_1_373' title='bbox 4261 710 4405 775; x_wconf 87' lang='lat' dir='ltr'><strong>infr.</strong></span> <span class='ocrx_word' id='word_1_374' title='bbox 4428 713 4523 777; x_wconf 85' lang='lat' dir='ltr'><strong>C:</strong></span> 
     </span>
     <span class='ocr_line' id='line_1_52' title="bbox 2841 812 4532 902; baseline -0.001 -21"><span class='ocrx_word' id='word_1_375' title='bbox 2841 815 2967 881; x_wconf 77' lang='grc' dir='ltr'>εἶπε</span> <span class='ocrx_word' id='word_1_376' title='bbox 2997 818 3113 898; x_wconf 73' lang='grc' dir='ltr'><strong>γὰρ</strong></span> <span class='ocrx_word' id='word_1_377' title='bbox 3141 813 3375 898; x_wconf 81' lang='grc' dir='ltr'>ἠγάσθη</span> <span class='ocrx_word' id='word_1_378' title='bbox 3394 814 3977 902; x_wconf 81' lang='grc' dir='ltr'>τε-άφομοιῶσαι.]</span> <span class='ocrx_word' id='word_1_379' title='bbox 4006 812 4183 878; x_wconf 90' lang='lat' dir='ltr'><strong>Plato</strong></span> <span class='ocrx_word' id='word_1_380' title='bbox 4203 812 4267 877; x_wconf 86' lang='lat' dir='ltr'><strong>in</strong></span> <span class='ocrx_word' id='word_1_381' title='bbox 4288 814 4532 879; x_wconf 81' lang='lat' dir='ltr'><strong>Timaeo</strong></span> 
     </span>
     <span class='ocr_line' id='line_1_53' title="bbox 2839 915 4533 1005; baseline 0.004 -25"><span class='ocrx_word' id='word_1_382' title='bbox 2839 942 2900 1005; x_wconf 88' lang='lat' dir='ltr'><strong>p.</strong></span> <span class='ocrx_word' id='word_1_383' title='bbox 2925 935 3031 1004; x_wconf 90' lang='grc'><strong>37.</strong></span> <span class='ocrx_word' id='word_1_384' title='bbox 3064 941 3131 1005; x_wconf 94' lang='lat' dir='ltr'><strong>p.</strong></span> <span class='ocrx_word' id='word_1_385' title='bbox 3156 919 3262 1002; x_wconf 92' lang='grc'><strong>36.</strong></span> <span class='ocrx_word' id='word_1_386' title='bbox 3297 915 3535 980; x_wconf 82' lang='lat' dir='ltr'><strong>Bekk.:</strong></span> <span class='ocrx_word' id='word_1_387' title='bbox 3585 918 3663 984; x_wconf 82' lang='grc' dir='ltr'><strong>ὥς</strong></span> <span class='ocrx_word' id='word_1_388' title='bbox 3704 917 3770 981; x_wconf 71' lang='grc' dir='ltr'><strong>δὲ</strong></span> <span class='ocrx_word' id='word_1_389' title='bbox 3814 919 4051 996; x_wconf 71' lang='grc' dir='ltr'>κινηθὲν</span> <span class='ocrx_word' id='word_1_390' title='bbox 4093 917 4236 984; x_wconf 77' lang='grc' dir='ltr'>αὐτὸ</span> <span class='ocrx_word' id='word_1_391' title='bbox 4281 920 4376 984; x_wconf 84' lang='grc' dir='ltr'><strong>καὶ</strong></span> <span class='ocrx_word' id='word_1_392' title='bbox 4417 927 4533 998; x_wconf 76' lang='grc' dir='ltr'>ζῶν</span> 
     </span>
     <span class='ocr_line' id='line_1_54' title="bbox 2841 1020 4530 1106; baseline 0.001 -19"><span class='ocrx_word' id='word_1_393' title='bbox 2841 1023 3124 1102; x_wconf 78' lang='grc' dir='ltr'>ἐνενόησε</span> <span class='ocrx_word' id='word_1_394' title='bbox 3152 1026 3269 1085; x_wconf 78' lang='grc' dir='ltr'><strong>τῶν</strong></span> <span class='ocrx_word' id='word_1_395' title='bbox 3293 1022 3496 1084; x_wconf 78' lang='grc' dir='ltr'>ἀϊδίων</span> <span class='ocrx_word' id='word_1_396' title='bbox 3524 1025 3676 1084; x_wconf 81' lang='grc' dir='ltr'>θεῶν</span> <span class='ocrx_word' id='word_1_397' title='bbox 3702 1020 3955 1103; x_wconf 81' lang='grc' dir='ltr'>γεγονὸς</span> <span class='ocrx_word' id='word_1_398' title='bbox 3982 1022 4227 1104; x_wconf 80' lang='grc' dir='ltr'>ἄγαλμα</span> <span class='ocrx_word' id='word_1_399' title='bbox 4254 1025 4288 1087; x_wconf 99' lang='lat'><strong>6</strong></span> <span class='ocrx_word' id='word_1_400' title='bbox 4317 1025 4530 1106; x_wconf 82' lang='grc' dir='ltr'>γεννή-</span> 
     </span>
     <span class='ocr_line' id='line_1_55' title="bbox 2843 1123 4531 1207; baseline 0.003 -19"><span class='ocrx_word' id='word_1_401' title='bbox 2843 1151 2955 1194; x_wconf 91' lang='grc' dir='ltr'><strong>σας</strong></span> <span class='ocrx_word' id='word_1_402' title='bbox 2979 1125 3189 1206; x_wconf 77' lang='grc' dir='ltr'>πατὴρ,</span> <span class='ocrx_word' id='word_1_403' title='bbox 3219 1123 3455 1206; x_wconf 84' lang='grc' dir='ltr'>ἠγάσθη</span> <span class='ocrx_word' id='word_1_404' title='bbox 3484 1149 3553 1188; x_wconf 91' lang='grc' dir='ltr'><strong>τε</strong></span> <span class='ocrx_word' id='word_1_405' title='bbox 3581 1123 3676 1187; x_wconf 85' lang='grc' dir='ltr'><strong>καὶ</strong></span> <span class='ocrx_word' id='word_1_406' title='bbox 3705 1124 4053 1206; x_wconf 73' lang='grc' dir='ltr'>εὖφρανθεὶς</span> <span class='ocrx_word' id='word_1_407' title='bbox 4081 1124 4168 1189; x_wconf 79' lang='grc' dir='ltr'>ἔτι</span> <span class='ocrx_word' id='word_1_408' title='bbox 4196 1126 4267 1205; x_wconf 74' lang='grc' dir='ltr'><strong>δὴ</strong></span> <span class='ocrx_word' id='word_1_409' title='bbox 4293 1132 4531 1207; x_wconf 76' lang='grc' dir='ltr'>μᾶλλον</span> 
     </span>
     <span class='ocr_line' id='line_1_56' title="bbox 2841 1225 4526 1313; baseline 0.002 -21"><span class='ocrx_word' id='word_1_410' title='bbox 2841 1230 3047 1308; x_wconf 84' lang='grc' dir='ltr'>ὅμοιον</span> <span class='ocrx_word' id='word_1_411' title='bbox 3088 1228 3234 1308; x_wconf 82' lang='grc' dir='ltr'>πρὸς</span> <span class='ocrx_word' id='word_1_412' title='bbox 3276 1226 3345 1291; x_wconf 85' lang='grc' dir='ltr'>τὸ</span> <span class='ocrx_word' id='word_1_413' title='bbox 3394 1225 3767 1308; x_wconf 88' lang='grc' dir='ltr'>παράδειγμα</span> <span class='ocrx_word' id='word_1_414' title='bbox 3811 1226 4142 1307; x_wconf 70' lang='grc' dir='ltr'>ἐπενόησεν</span> <span class='ocrx_word' id='word_1_415' title='bbox 4184 1230 4526 1313; x_wconf 78' lang='grc' dir='ltr'>ἀπεργάσα-</span> 
     </span>
     <span class='ocr_line' id='line_1_57' title="bbox 2842 1328 4527 1422; baseline 0.002 -26"><span class='ocrx_word' id='word_1_416' title='bbox 2842 1337 3001 1396; x_wconf 84' lang='grc' dir='ltr'>σθαι.</span> <span class='ocrx_word' id='word_1_417' title='bbox 3094 1330 3286 1395; x_wconf 83' lang='lat' dir='ltr'><strong>Unde</strong></span> <span class='ocrx_word' id='word_1_418' title='bbox 3334 1329 3702 1417; x_wconf 87' lang='lat' dir='ltr'><strong>intelligitur</strong></span> <span class='ocrx_word' id='word_1_419' title='bbox 3746 1328 4065 1394; x_wconf 90' lang='lat' dir='ltr'><strong>Plotinum</strong></span> <span class='ocrx_word' id='word_1_420' title='bbox 4121 1353 4244 1396; x_wconf 92' lang='lat' dir='ltr'><strong>non</strong></span> <span class='ocrx_word' id='word_1_421' title='bbox 4300 1356 4527 1422; x_wconf 86' lang='lat' dir='ltr'><strong>usque-</strong></span> 
     </span>
     <span class='ocr_line' id='line_1_58' title="bbox 2842 1432 4527 1521; baseline 0.001 -21"><span class='ocrx_word' id='word_1_422' title='bbox 2842 1457 3094 1521; x_wconf 89' lang='lat' dir='ltr'><strong>quaque</strong></span> <span class='ocrx_word' id='word_1_423' title='bbox 3122 1432 3202 1499; x_wconf 89' lang='lat' dir='ltr'><strong>ad</strong></span> <span class='ocrx_word' id='word_1_424' title='bbox 3230 1434 3489 1499; x_wconf 84' lang='lat' dir='ltr'><strong>verbum</strong></span> <span class='ocrx_word' id='word_1_425' title='bbox 3521 1433 3751 1498; x_wconf 86' lang='lat' dir='ltr'><strong>referre</strong></span> <span class='ocrx_word' id='word_1_426' title='bbox 3779 1432 3981 1498; x_wconf 88' lang='lat' dir='ltr'><strong>locum</strong></span> <span class='ocrx_word' id='word_1_427' title='bbox 4016 1434 4316 1501; x_wconf 79' lang='lat' dir='ltr'><strong>Platonis,</strong></span> <span class='ocrx_word' id='word_1_428' title='bbox 4385 1440 4527 1502; x_wconf 86' lang='lat' dir='ltr'><strong>Me·</strong></span> 
     </span>
     <span class='ocr_line' id='line_1_59' title="bbox 2838 1533 4526 1622; baseline 0.002 -21"><span class='ocrx_word' id='word_1_429' title='bbox 2838 1536 3092 1602; x_wconf 88' lang='lat' dir='ltr'><strong>moriter</strong></span> <span class='ocrx_word' id='word_1_430' title='bbox 3149 1537 3294 1601; x_wconf 91' lang='lat' dir='ltr'><strong>item</strong></span> <span class='ocrx_word' id='word_1_431' title='bbox 3373 1535 3588 1600; x_wconf 88' lang='lat' dir='ltr'><strong>laudat</strong></span> <span class='ocrx_word' id='word_1_432' title='bbox 3664 1533 4017 1622; x_wconf 88' lang='lat' dir='ltr'><strong>Simplicius</strong></span> <span class='ocrx_word' id='word_1_433' title='bbox 4077 1536 4140 1601; x_wconf 88' lang='lat' dir='ltr'><strong>in</strong></span> <span class='ocrx_word' id='word_1_434' title='bbox 4201 1539 4526 1606; x_wconf 84' lang='lat' dir='ltr'><strong>Aristotel.</strong></span> 
     </span>
     <span class='ocr_line' id='line_1_60' title="bbox 2842 1638 4530 1728; baseline 0.002 -23"><span class='ocrx_word' id='word_1_435' title='bbox 2842 1640 3063 1728; x_wconf 86' lang='lat' dir='ltr'><strong>Physs.</strong></span> <span class='ocrx_word' id='word_1_436' title='bbox 3101 1642 3213 1704; x_wconf 94' lang='lat' dir='ltr'><strong>IV.</strong></span> <span class='ocrx_word' id='word_1_437' title='bbox 3252 1641 3391 1704; x_wconf 91' lang='lat'><strong>166.</strong></span> <span class='ocrx_word' id='word_1_438' title='bbox 3427 1655 3489 1704; x_wconf 92' lang='lat' dir='ltr'><strong>et</strong></span> <span class='ocrx_word' id='word_1_439' title='bbox 3522 1640 3669 1724; x_wconf 87' lang='lat'><strong>265.</strong></span> <span class='ocrx_word' id='word_1_440' title='bbox 3717 1638 3998 1704; x_wconf 83' lang='lat' dir='ltr'><strong>Exhibet</strong></span> <span class='ocrx_word' id='word_1_441' title='bbox 4024 1640 4207 1706; x_wconf 89' lang='lat' dir='ltr'><strong>etiam</strong></span> <span class='ocrx_word' id='word_1_442' title='bbox 4241 1643 4530 1708; x_wconf 87' lang='lat' dir='ltr'><strong>Stobaeus</strong></span> 
     </span>
     <span class='ocr_line' id='line_1_61' title="bbox 2839 1741 4525 1831; baseline 0.003 -24"><span class='ocrx_word' id='word_1_443' title='bbox 2839 1743 2900 1808; x_wconf 88' lang='lat' dir='ltr'><strong>in</strong></span> <span class='ocrx_word' id='word_1_444' title='bbox 2936 1744 3201 1831; x_wconf 84' lang='lat' dir='ltr'><strong>Eclogg.</strong></span> <span class='ocrx_word' id='word_1_445' title='bbox 3235 1741 3458 1830; x_wconf 83' lang='lat' dir='ltr'><strong>Physs.</strong></span> <span class='ocrx_word' id='word_1_446' title='bbox 3493 1742 3548 1806; x_wconf 91' lang='lat'><strong>1.</strong></span> <span class='ocrx_word' id='word_1_447' title='bbox 3589 1741 3730 1808; x_wconf 84' lang='lat'><strong>268.</strong></span> <span class='ocrx_word' id='word_1_448' title='bbox 3792 1742 3897 1807; x_wconf 87' lang='lat' dir='ltr'><strong>Cf.</strong></span> <span class='ocrx_word' id='word_1_449' title='bbox 3930 1742 4226 1808; x_wconf 88' lang='lat' dir='ltr'><strong>Lindavii</strong></span> <span class='ocrx_word' id='word_1_450' title='bbox 4256 1747 4525 1811; x_wconf 91' lang='lat' dir='ltr'><strong>Annott.</strong></span> 
     </span>
     <span class='ocr_line' id='line_1_62' title="bbox 2839 1843 4524 1935; baseline 0.002 -25"><span class='ocrx_word' id='word_1_451' title='bbox 2839 1846 2902 1910; x_wconf 86' lang='lat' dir='ltr'><strong>in</strong></span> <span class='ocrx_word' id='word_1_452' title='bbox 2936 1845 3093 1910; x_wconf 90' lang='lat' dir='ltr'><strong>Plat.</strong></span> <span class='ocrx_word' id='word_1_453' title='bbox 3124 1845 3166 1909; x_wconf 90' lang='lat' dir='ltr'><strong>l.</strong></span> <span class='ocrx_word' id='word_1_454' title='bbox 3189 1845 3227 1909; x_wconf 90' lang='lat' dir='ltr'><strong>l.</strong></span> <span class='ocrx_word' id='word_1_455' title='bbox 3260 1847 3370 1932; x_wconf 92' lang='lat' dir='ltr'><strong>qui</strong></span> <span class='ocrx_word' id='word_1_456' title='bbox 3401 1843 3723 1909; x_wconf 88' lang='lat' dir='ltr'><strong>Plotinum</strong></span> <span class='ocrx_word' id='word_1_457' title='bbox 3754 1859 4032 1909; x_wconf 89' lang='lat' dir='ltr'><strong>nostrum</strong></span> <span class='ocrx_word' id='word_1_458' title='bbox 4065 1868 4188 1911; x_wconf 85' lang='lat' dir='ltr'><strong>non</strong></span> <span class='ocrx_word' id='word_1_459' title='bbox 4232 1848 4524 1935; x_wconf 82' lang='lat' dir='ltr'><strong>neglexit.</strong></span> 
     </span>
     <span class='ocr_line' id='line_1_63' title="bbox 2843 1947 4530 2039; baseline 0.001 -26"><span class='ocrx_word' id='word_1_460' title='bbox 2843 1949 3000 2014; x_wconf 81' lang='lat' dir='ltr'><strong>Mox</strong></span> <span class='ocrx_word' id='word_1_461' title='bbox 3052 1971 3170 2037; x_wconf 90' lang='lat' dir='ltr'><strong>pro</strong></span> <span class='ocrx_word' id='word_1_462' title='bbox 3221 1947 3658 2032; x_wconf 78' lang='grc' dir='ltr'>ἑνεργεστέρων</span> <span class='ocrx_word' id='word_1_463' title='bbox 3707 1947 3964 2012; x_wconf 88' lang='lat' dir='ltr'><strong>Ficinus</strong></span> <span class='ocrx_word' id='word_1_464' title='bbox 4012 1948 4266 2014; x_wconf 86' lang='lat' dir='ltr'><strong>videtur</strong></span> <span class='ocrx_word' id='word_1_465' title='bbox 4312 1951 4530 2039; x_wconf 83' lang='lat' dir='ltr'><strong>legisse</strong></span> 
     </span>
     <span class='ocr_line' id='line_1_64' title="bbox 2839 2050 4013 2136; baseline -0.002 -20"><span class='ocrx_word' id='word_1_466' title='bbox 2839 2052 3303 2136; x_wconf 78' lang='grc' dir='ltr'>ἐναργεστέρων.</span> <span class='ocrx_word' id='word_1_467' title='bbox 3387 2050 3566 2116; x_wconf 85' lang='lat' dir='ltr'><strong>Libri</strong></span> <span class='ocrx_word' id='word_1_468' title='bbox 3595 2072 3722 2114; x_wconf 88' lang='lat' dir='ltr'><strong>non</strong></span> <span class='ocrx_word' id='word_1_469' title='bbox 3754 2050 4013 2116; x_wconf 86' lang='lat' dir='ltr'><strong>variant.</strong></span> 
     </span>
    </p>

    <p class='ocr_par' dir='ltr' id='par_1_10' title="bbox 2838 2156 4534 2657">
     <span class='ocr_line' id='line_1_65' title="bbox 2934 2156 4524 2247; baseline 0.002 -27"><span class='ocrx_word' id='word_1_470' title='bbox 2934 2193 3021 2206; x_wconf 93' lang='lat'><strong>—</strong></span> <span class='ocrx_word' id='word_1_471' title='bbox 3058 2174 3158 2238; x_wconf 92' lang='grc'><strong>17.</strong></span> <span class='ocrx_word' id='word_1_472' title='bbox 3209 2157 3351 2220; x_wconf 83' lang='grc' dir='ltr'>ὅθεν</span> <span class='ocrx_word' id='word_1_473' title='bbox 3393 2156 3497 2219; x_wconf 78' lang='grc' dir='ltr'><strong>οὐκ</strong></span> <span class='ocrx_word' id='word_1_474' title='bbox 3546 2156 3732 2236; x_wconf 81' lang='grc' dir='ltr'>ὀρθῶς</span> <span class='ocrx_word' id='word_1_475' title='bbox 3779 2157 3838 2220; x_wconf 76' lang='grc' dir='ltr'><strong>οἱ</strong></span> <span class='ocrx_word' id='word_1_476' title='bbox 3884 2158 4257 2239; x_wconf 89' lang='grc' dir='ltr'>μεμφόμενοι</span> <span class='ocrx_word' id='word_1_477' title='bbox 4306 2160 4524 2247; x_wconf 75' lang='grc' dir='ltr'>τούτῳ]</span> 
     </span>
     <span class='ocr_line' id='line_1_66' title="bbox 2841 2257 4530 2348; baseline 0.001 -23"><span class='ocrx_word' id='word_1_478' title='bbox 2841 2259 3173 2325; x_wconf 86' lang='lat' dir='ltr'><strong>Gnosticos</strong></span> <span class='ocrx_word' id='word_1_479' title='bbox 3203 2257 3590 2323; x_wconf 87' lang='lat' dir='ltr'><strong>Manichaeos</strong></span> <span class='ocrx_word' id='word_1_480' title='bbox 3626 2257 3848 2345; x_wconf 88' lang='lat' dir='ltr'><strong>tangit,</strong></span> <span class='ocrx_word' id='word_1_481' title='bbox 3877 2273 3939 2323; x_wconf 91' lang='lat' dir='ltr'><strong>et</strong></span> <span class='ocrx_word' id='word_1_482' title='bbox 3968 2259 4079 2346; x_wconf 88' lang='lat' dir='ltr'><strong>qui</strong></span> <span class='ocrx_word' id='word_1_483' title='bbox 4109 2259 4327 2348; x_wconf 88' lang='lat' dir='ltr'><strong>reliqui</strong></span> <span class='ocrx_word' id='word_1_484' title='bbox 4362 2262 4530 2327; x_wconf 89' lang='lat' dir='ltr'><strong>hunc</strong></span> 
     </span>
     <span class='ocr_line' id='line_1_67' title="bbox 2841 2360 4534 2452; baseline 0.001 -25"><span class='ocrx_word' id='word_1_485' title='bbox 2841 2362 3162 2428; x_wconf 90' lang='lat' dir='ltr'><strong>Mundum</strong></span> <span class='ocrx_word' id='word_1_486' title='bbox 3193 2361 3480 2450; x_wconf 89' lang='lat' dir='ltr'><strong>pulcrum</strong></span> <span class='ocrx_word' id='word_1_487' title='bbox 3509 2360 3875 2448; x_wconf 90' lang='lat' dir='ltr'><strong>bonumque</strong></span> <span class='ocrx_word' id='word_1_488' title='bbox 3905 2362 4253 2449; x_wconf 83' lang='lat' dir='ltr'><strong>negabant3</strong></span> <span class='ocrx_word' id='word_1_489' title='bbox 4287 2364 4368 2429; x_wconf 88' lang='lat' dir='ltr'><strong>de</strong></span> <span class='ocrx_word' id='word_1_490' title='bbox 4394 2365 4534 2452; x_wconf 87' lang='lat' dir='ltr'><strong>qui-</strong></span> 
     </span>
     <span class='ocr_line' id='line_1_68' title="bbox 2838 2463 4531 2555; baseline -0.001 -22"><span class='ocrx_word' id='word_1_491' title='bbox 2838 2467 2960 2533; x_wconf 91' lang='lat' dir='ltr'><strong>bus</strong></span> <span class='ocrx_word' id='word_1_492' title='bbox 3002 2489 3190 2552; x_wconf 89' lang='lat' dir='ltr'><strong>supra</strong></span> <span class='ocrx_word' id='word_1_493' title='bbox 3217 2463 3488 2529; x_wconf 84' lang='lat' dir='ltr'><strong>vidimus</strong></span> <span class='ocrx_word' id='word_1_494' title='bbox 3529 2463 3592 2527; x_wconf 90' lang='lat' dir='ltr'><strong>in</strong></span> <span class='ocrx_word' id='word_1_495' title='bbox 3633 2463 4167 2530; x_wconf 87' lang='lat' dir='ltr'><strong>Annotationibus</strong></span> <span class='ocrx_word' id='word_1_496' title='bbox 4207 2466 4286 2529; x_wconf 90' lang='lat' dir='ltr'><strong>ad</strong></span> <span class='ocrx_word' id='word_1_497' title='bbox 4340 2466 4531 2555; x_wconf 86' lang='lat' dir='ltr'><strong>hujus</strong></span> 
     </span>
     <span class='ocr_line' id='line_1_69' title="bbox 2839 2566 3428 2657; baseline -0.007 -23"><span class='ocrx_word' id='word_1_498' title='bbox 2839 2567 3189 2657; x_wconf 87' lang='lat' dir='ltr'><strong>argumenti</strong></span> <span class='ocrx_word' id='word_1_499' title='bbox 3220 2566 3428 2632; x_wconf 88' lang='lat' dir='ltr'><strong>libros.</strong></span> 
     </span>
    </p>

    <p class='ocr_par' dir='ltr' id='par_1_11' title="bbox 2838 2671 4532 4410">
     <span class='ocr_line' id='line_1_70' title="bbox 2927 2671 4531 2761; baseline 0.001 -24"><span class='ocrx_word' id='word_1_500' title='bbox 2927 2697 2996 2761; x_wconf 91' lang='lat' dir='ltr'><strong>p.</strong></span> <span class='ocrx_word' id='word_1_501' title='bbox 3029 2676 3212 2750; x_wconf 91' lang='lat'><strong>1016,</strong></span> <span class='ocrx_word' id='word_1_502' title='bbox 3245 2674 3303 2737; x_wconf 91' lang='lat'><strong>6.</strong></span> <span class='ocrx_word' id='word_1_503' title='bbox 3339 2671 3544 2735; x_wconf 86' lang='grc' dir='ltr'>Ἔστω</span> <span class='ocrx_word' id='word_1_504' title='bbox 3585 2671 3692 2736; x_wconf 77' lang='grc' dir='ltr'>οὖν</span> <span class='ocrx_word' id='word_1_505' title='bbox 3721 2673 3790 2736; x_wconf 78' lang='grc' dir='ltr'>ἐν</span> <span class='ocrx_word' id='word_1_506' title='bbox 3816 2674 3887 2751; x_wconf 84' lang='grc' dir='ltr'>τῇ</span> <span class='ocrx_word' id='word_1_507' title='bbox 3928 2675 4100 2755; x_wconf 80' lang='grc' dir='ltr'>ψυχῇ</span> <span class='ocrx_word' id='word_1_508' title='bbox 4144 2672 4403 2755; x_wconf 85' lang='grc' dir='ltr'>φωτεινή</span> <span class='ocrx_word' id='word_1_509' title='bbox 4445 2699 4531 2741; x_wconf 86' lang='grc' dir='ltr'>τις</span> 
     </span>
     <span class='ocr_line' id='line_1_71' title="bbox 2843 2773 4532 2863; baseline -0.001 -22"><span class='ocrx_word' id='word_1_510' title='bbox 2843 2778 3148 2860; x_wconf 85' lang='grc' dir='ltr'>φαντασία</span> <span class='ocrx_word' id='word_1_511' title='bbox 3180 2803 3231 2840; x_wconf 91' lang='grc' dir='ltr'><strong>κ.</strong></span> <span class='ocrx_word' id='word_1_512' title='bbox 3253 2801 3306 2839; x_wconf 90' lang='grc' dir='ltr'><strong>τ.</strong></span> <span class='ocrx_word' id='word_1_513' title='bbox 3333 2774 3429 2863; x_wconf 91' lang='grc' dir='ltr'>λ.]</span> <span class='ocrx_word' id='word_1_514' title='bbox 3466 2774 3708 2838; x_wconf 88' lang='lat' dir='ltr'><strong>Rursus</strong></span> <span class='ocrx_word' id='word_1_515' title='bbox 3736 2773 4103 2839; x_wconf 87' lang='lat' dir='ltr'><strong>obversatur</strong></span> <span class='ocrx_word' id='word_1_516' title='bbox 4127 2775 4190 2839; x_wconf 84' lang='lat' dir='ltr'><strong>h.</strong></span> <span class='ocrx_word' id='word_1_517' title='bbox 4212 2775 4255 2839; x_wconf 88' lang='lat' dir='ltr'><strong>l.</strong></span> <span class='ocrx_word' id='word_1_518' title='bbox 4283 2775 4532 2853; x_wconf 88' lang='lat' dir='ltr'><strong>Plotino</strong></span> 
     </span>
     <span class='ocr_line' id='line_1_72' title="bbox 2841 2876 4526 2965; baseline 0.001 -22"><span class='ocrx_word' id='word_1_519' title='bbox 2841 2878 2996 2944; x_wconf 89' lang='lat' dir='ltr'><strong>illud</strong></span> <span class='ocrx_word' id='word_1_520' title='bbox 3030 2878 3309 2944; x_wconf 92' lang='lat' dir='ltr'><strong>Platonis</strong></span> <span class='ocrx_word' id='word_1_521' title='bbox 3334 2878 3398 2941; x_wconf 89' lang='lat' dir='ltr'><strong>in</strong></span> <span class='ocrx_word' id='word_1_522' title='bbox 3431 2876 3751 2941; x_wconf 78' lang='lat' dir='ltr'><strong>Phaedone</strong></span> <span class='ocrx_word' id='word_1_523' title='bbox 3793 2899 3855 2965; x_wconf 92' lang='lat' dir='ltr'><strong>p.</strong></span> <span class='ocrx_word' id='word_1_524' title='bbox 3895 2898 4053 2964; x_wconf 82' lang='lat'><strong>113:</strong></span> <span class='ocrx_word' id='word_1_525' title='bbox 4103 2878 4295 2959; x_wconf 82' lang='grc' dir='ltr'>θέαμα</span> <span class='ocrx_word' id='word_1_526' title='bbox 4338 2880 4526 2944; x_wconf 75' lang='grc' dir='ltr'>εὔδαι-</span> 
     </span>
     <span class='ocr_line' id='line_1_73' title="bbox 2838 2980 4526 3068; baseline -0.002 -20"><span class='ocrx_word' id='word_1_527' title='bbox 2838 2985 3037 3064; x_wconf 88' lang='grc' dir='ltr'>μόνων</span> <span class='ocrx_word' id='word_1_528' title='bbox 3066 2988 3310 3047; x_wconf 82' lang='grc' dir='ltr'>θεατῶν.</span> <span class='ocrx_word' id='word_1_529' title='bbox 3402 2980 3542 3044; x_wconf 88' lang='lat' dir='ltr'><strong>Vid.</strong></span> <span class='ocrx_word' id='word_1_530' title='bbox 3587 3003 3758 3066; x_wconf 86' lang='lat' dir='ltr'><strong>supr.</strong></span> <span class='ocrx_word' id='word_1_531' title='bbox 3802 3003 3865 3068; x_wconf 95' lang='lat' dir='ltr'><strong>p.</strong></span> <span class='ocrx_word' id='word_1_532' title='bbox 3895 2984 4049 3066; x_wconf 82' lang='lat'><strong>546.</strong></span> <span class='ocrx_word' id='word_1_533' title='bbox 4083 2982 4161 3046; x_wconf 93' lang='lat' dir='ltr'><strong>B.</strong></span> <span class='ocrx_word' id='word_1_534' title='bbox 4197 2981 4526 3046; x_wconf 89' lang='lat' dir='ltr'><strong>Iamblich.</strong></span> 
     </span>
     <span class='ocr_line' id='line_1_74' title="bbox 2843 3085 4526 3173; baseline -0.001 -23"><span class='ocrx_word' id='word_1_535' title='bbox 2843 3088 3109 3173; x_wconf 85' lang='lat' dir='ltr'><strong>Myster.</strong></span> <span class='ocrx_word' id='word_1_536' title='bbox 3143 3086 3409 3173; x_wconf 84' lang='lat' dir='ltr'><strong>AEgypt.</strong></span> <span class='ocrx_word' id='word_1_537' title='bbox 3446 3085 3504 3149; x_wconf 93' lang='lat' dir='ltr'><strong>I.</strong></span> <span class='ocrx_word' id='word_1_538' title='bbox 3547 3103 3646 3149; x_wconf 88' lang='lat'><strong>12.</strong></span> <span class='ocrx_word' id='word_1_539' title='bbox 3676 3105 3742 3171; x_wconf 91' lang='lat' dir='ltr'><strong>p.</strong></span> <span class='ocrx_word' id='word_1_540' title='bbox 3770 3101 3887 3168; x_wconf 84' lang='lat'><strong>23:</strong></span> <span class='ocrx_word' id='word_1_541' title='bbox 3938 3088 4146 3165; x_wconf 86' lang='grc' dir='ltr'>Δῆλον</span> <span class='ocrx_word' id='word_1_542' title='bbox 4180 3087 4246 3148; x_wconf 80' lang='grc' dir='ltr'><strong>δὲ</strong></span> <span class='ocrx_word' id='word_1_543' title='bbox 4290 3088 4385 3150; x_wconf 85' lang='grc' dir='ltr'><strong>καὶ</strong></span> <span class='ocrx_word' id='word_1_544' title='bbox 4428 3085 4526 3149; x_wconf 79' lang='grc' dir='ltr'><strong>ἀπ’</strong></span> 
     </span>
     <span class='ocr_line' id='line_1_75' title="bbox 2840 3185 4524 3271; baseline 0 -18"><span class='ocrx_word' id='word_1_545' title='bbox 2840 3189 3033 3253; x_wconf 77' lang='grc' dir='ltr'>αὐτῶν</span> <span class='ocrx_word' id='word_1_546' title='bbox 3060 3195 3178 3253; x_wconf 81' lang='grc' dir='ltr'><strong>τῶν</strong></span> <span class='ocrx_word' id='word_1_547' title='bbox 3207 3189 3397 3270; x_wconf 84' lang='grc' dir='ltr'>ἔργων</span> <span class='ocrx_word' id='word_1_548' title='bbox 3425 3187 3458 3252; x_wconf 82' lang='grc' dir='ltr'>δ</span> <span class='ocrx_word' id='word_1_549' title='bbox 3490 3188 3624 3252; x_wconf 86' lang='grc' dir='ltr'>νυνί</span> <span class='ocrx_word' id='word_1_550' title='bbox 3648 3194 3849 3271; x_wconf 89' lang='grc' dir='ltr'>φαμεν</span> <span class='ocrx_word' id='word_1_551' title='bbox 3875 3185 4026 3251; x_wconf 84' lang='grc' dir='ltr'>εἶναι</span> <span class='ocrx_word' id='word_1_552' title='bbox 4052 3191 4154 3266; x_wconf 79' lang='grc' dir='ltr'>τῆς</span> <span class='ocrx_word' id='word_1_553' title='bbox 4179 3191 4380 3271; x_wconf 78' lang='grc' dir='ltr'>ψυχῆς</span> <span class='ocrx_word' id='word_1_554' title='bbox 4408 3215 4524 3253; x_wconf 90' lang='grc' dir='ltr'>σω-</span> 
     </span>
     <span class='ocr_line' id='line_1_76' title="bbox 2839 3288 4530 3378; baseline 0 -21"><span class='ocrx_word' id='word_1_555' title='bbox 2839 3290 3057 3374; x_wconf 82' lang='grc' dir='ltr'>τήρων.</span> <span class='ocrx_word' id='word_1_556' title='bbox 3109 3293 3177 3357; x_wconf 76' lang='grc' dir='ltr'>ἐν</span> <span class='ocrx_word' id='word_1_557' title='bbox 3215 3294 3330 3374; x_wconf 77' lang='grc' dir='ltr'><strong>γὰρ</strong></span> <span class='ocrx_word' id='word_1_558' title='bbox 3372 3295 3450 3378; x_wconf 72' lang='grc' dir='ltr'>τῷ</span> <span class='ocrx_word' id='word_1_559' title='bbox 3494 3295 3737 3373; x_wconf 82' lang='grc' dir='ltr'>θεωρεῖν</span> <span class='ocrx_word' id='word_1_560' title='bbox 3774 3292 3850 3354; x_wconf 78' lang='grc' dir='ltr'>τὰ</span> <span class='ocrx_word' id='word_1_561' title='bbox 3889 3288 4145 3372; x_wconf 87' lang='grc' dir='ltr'>μακάρια</span> <span class='ocrx_word' id='word_1_562' title='bbox 4189 3289 4450 3372; x_wconf 83' lang='grc' dir='ltr'>θεάματα</span> <span class='ocrx_word' id='word_1_563' title='bbox 4491 3294 4530 3373; x_wconf 84' lang='grc' dir='ltr'>ἡ</span> 
     </span>
     <span class='ocr_line' id='line_1_77' title="bbox 2838 3392 4528 3481; baseline 0 -22"><span class='ocrx_word' id='word_1_564' title='bbox 2838 3394 3010 3479; x_wconf 79' lang='grc' dir='ltr'>ψυχὴ</span> <span class='ocrx_word' id='word_1_565' title='bbox 3038 3395 3233 3474; x_wconf 79' lang='grc' dir='ltr'>ἄλλην</span> <span class='ocrx_word' id='word_1_566' title='bbox 3260 3394 3411 3474; x_wconf 77' lang='grc' dir='ltr'>ζωὴν</span> <span class='ocrx_word' id='word_1_567' title='bbox 3438 3394 3796 3458; x_wconf 77' lang='grc' dir='ltr'>ἀλλάττεται</span> <span class='ocrx_word' id='word_1_568' title='bbox 3826 3421 3877 3457; x_wconf 92' lang='grc' dir='ltr'><strong>κ.</strong></span> <span class='ocrx_word' id='word_1_569' title='bbox 3899 3418 3951 3455; x_wconf 91' lang='grc' dir='ltr'>τ.</span> <span class='ocrx_word' id='word_1_570' title='bbox 3973 3402 4036 3456; x_wconf 95' lang='grc' dir='ltr'>λ.</span> <span class='ocrx_word' id='word_1_571' title='bbox 4081 3392 4161 3457; x_wconf 89' lang='lat' dir='ltr'><strong>ad</strong></span> <span class='ocrx_word' id='word_1_572' title='bbox 4202 3417 4390 3481; x_wconf 88' lang='lat' dir='ltr'><strong>quem</strong></span> <span class='ocrx_word' id='word_1_573' title='bbox 4435 3395 4528 3459; x_wconf 89' lang='lat' dir='ltr'><strong>lo-</strong></span> 
     </span>
     <span class='ocr_line' id='line_1_78' title="bbox 2840 3496 4524 3585; baseline 0 -22"><span class='ocrx_word' id='word_1_574' title='bbox 2840 3521 2981 3563; x_wconf 89' lang='lat' dir='ltr'><strong>cum</strong></span> <span class='ocrx_word' id='word_1_575' title='bbox 3016 3497 3253 3563; x_wconf 83' lang='lat' dir='ltr'><strong>Galeus</strong></span> <span class='ocrx_word' id='word_1_576' title='bbox 3280 3520 3344 3585; x_wconf 92' lang='lat' dir='ltr'><strong>p.</strong></span> <span class='ocrx_word' id='word_1_577' title='bbox 3372 3499 3489 3578; x_wconf 92' lang='lat'><strong>196</strong></span> <span class='ocrx_word' id='word_1_578' title='bbox 3516 3523 3531 3562; x_wconf 89' lang='lat'>:</span> <span class='ocrx_word' id='word_1_579' title='bbox 3581 3505 3625 3537; x_wconf 77' lang='lat'><strong>‘⁴</strong></span> <span class='ocrx_word' id='word_1_580' title='bbox 3658 3497 3846 3561; x_wconf 87' lang='lat' dir='ltr'><strong>Hanc</strong></span> <span class='ocrx_word' id='word_1_581' title='bbox 3874 3496 4141 3561; x_wconf 88' lang='lat' dir='ltr'><strong>animam</strong></span> <span class='ocrx_word' id='word_1_582' title='bbox 4186 3496 4349 3562; x_wconf 84' lang='lat' dir='ltr'><strong>infra</strong></span> <span class='ocrx_word' id='word_1_583' title='bbox 4394 3505 4524 3563; x_wconf 86' lang='grc' dir='ltr'>θεο-</span> 
     </span>
     <span class='ocr_line' id='line_1_79' title="bbox 2840 3598 4529 3683; baseline 0 -18"><span class='ocrx_word' id='word_1_584' title='bbox 2840 3600 3048 3680; x_wconf 75' lang='grc' dir='ltr'>πτικῇν</span> <span class='ocrx_word' id='word_1_585' title='bbox 3077 3615 3255 3664; x_wconf 86' lang='lat' dir='ltr'><strong>vocat</strong></span> <span class='ocrx_word' id='word_1_586' title='bbox 3287 3598 3794 3683; x_wconf 79' lang='lat' dir='ltr'><strong>(lamblichus).”</strong></span> <span class='ocrx_word' id='word_1_587' title='bbox 3876 3598 4125 3663; x_wconf 88' lang='lat' dir='ltr'><strong>Deinde</strong></span> <span class='ocrx_word' id='word_1_588' title='bbox 4167 3616 4228 3663; x_wconf 89' lang='lat' dir='ltr'><strong>et</strong></span> <span class='ocrx_word' id='word_1_589' title='bbox 4272 3600 4425 3664; x_wconf 87' lang='lat' dir='ltr'><strong>alios</strong></span> <span class='ocrx_word' id='word_1_590' title='bbox 4466 3616 4529 3665; x_wconf 92' lang='lat' dir='ltr'><strong>et</strong></span> 
     </span>
     <span class='ocr_line' id='line_1_80' title="bbox 2840 3701 4531 3791; baseline 0.001 -24"><span class='ocrx_word' id='word_1_591' title='bbox 2840 3703 3008 3769; x_wconf 87' lang='lat' dir='ltr'><strong>hunc</strong></span> <span class='ocrx_word' id='word_1_592' title='bbox 3056 3703 3261 3791; x_wconf 90' lang='lat' dir='ltr'><strong>ipsum</strong></span> <span class='ocrx_word' id='word_1_593' title='bbox 3317 3702 3547 3768; x_wconf 89' lang='lat' dir='ltr'><strong>Plotini</strong></span> <span class='ocrx_word' id='word_1_594' title='bbox 3599 3703 3803 3766; x_wconf 90' lang='lat' dir='ltr'><strong>locum</strong></span> <span class='ocrx_word' id='word_1_595' title='bbox 3856 3701 4139 3767; x_wconf 85' lang='lat' dir='ltr'><strong>advocat.</strong></span> <span class='ocrx_word' id='word_1_596' title='bbox 4241 3702 4531 3768; x_wconf 88' lang='lat' dir='ltr'><strong>Clemens</strong></span> 
     </span>
     <span class='ocr_line' id='line_1_81' title="bbox 2843 3806 4524 3895; baseline 0 -24"><span class='ocrx_word' id='word_1_597' title='bbox 2843 3808 3022 3872; x_wconf 86' lang='lat' dir='ltr'><strong>Alex.</strong></span> <span class='ocrx_word' id='word_1_598' title='bbox 3055 3810 3283 3873; x_wconf 90' lang='lat' dir='ltr'><strong>Strom.</strong></span> <span class='ocrx_word' id='word_1_599' title='bbox 3310 3809 3383 3871; x_wconf 92' lang='lat' dir='ltr'><strong>V.</strong></span> <span class='ocrx_word' id='word_1_600' title='bbox 3415 3831 3480 3895; x_wconf 92' lang='lat' dir='ltr'><strong>p.</strong></span> <span class='ocrx_word' id='word_1_601' title='bbox 3505 3826 3651 3893; x_wconf 89' lang='grc'><strong>732.</strong></span> <span class='ocrx_word' id='word_1_602' title='bbox 3684 3806 3957 3871; x_wconf 87' lang='lat' dir='ltr'><strong>Potteri:</strong></span> <span class='ocrx_word' id='word_1_603' title='bbox 3990 3808 4092 3871; x_wconf 84' lang='grc' dir='ltr'><strong>ὅτε</strong></span> <span class='ocrx_word' id='word_1_604' title='bbox 4122 3807 4236 3871; x_wconf 79' lang='grc' dir='ltr'>σὺν</span> <span class='ocrx_word' id='word_1_605' title='bbox 4260 3809 4524 3894; x_wconf 71' lang='grc' dir='ltr'>μακαρίῳ</span> 
     </span>
     <span class='ocr_line' id='line_1_82' title="bbox 2839 3910 4526 3998; baseline 0 -23"><span class='ocrx_word' id='word_1_606' title='bbox 2839 3916 2999 3998; x_wconf 71' lang='grc' dir='ltr'>χορῷ</span> <span class='ocrx_word' id='word_1_607' title='bbox 3030 3915 3177 3976; x_wconf 75' lang='grc' dir='ltr'>κατὰ</span> <span class='ocrx_word' id='word_1_608' title='bbox 3201 3911 3307 3975; x_wconf 84' lang='grc' dir='ltr'><strong>τὸν</strong></span> <span class='ocrx_word' id='word_1_609' title='bbox 3328 3910 3649 3983; x_wconf 86' lang='grc' dir='ltr'>Πλάτωνα,</span> <span class='ocrx_word' id='word_1_610' title='bbox 3678 3911 3972 3991; x_wconf 89' lang='grc' dir='ltr'>μακαρίαν</span> <span class='ocrx_word' id='word_1_611' title='bbox 3991 3912 4141 3991; x_wconf 83' lang='grc' dir='ltr'>ὄψιν</span> <span class='ocrx_word' id='word_1_612' title='bbox 4161 3935 4226 3974; x_wconf 86' lang='grc' dir='ltr'><strong>τε</strong></span> <span class='ocrx_word' id='word_1_613' title='bbox 4256 3910 4351 3974; x_wconf 83' lang='grc' dir='ltr'><strong>καὶ</strong></span> <span class='ocrx_word' id='word_1_614' title='bbox 4382 3910 4526 3975; x_wconf 90' lang='grc' dir='ltr'>θέαν</span> 
     </span>
     <span class='ocr_line' id='line_1_83' title="bbox 2842 4012 4528 4095; baseline -0.002 -15"><span class='ocrx_word' id='word_1_615' title='bbox 2842 4017 3303 4095; x_wconf 77' lang='grc' dir='ltr'>ἔποπτεύσομεν,</span> <span class='ocrx_word' id='word_1_616' title='bbox 3337 4016 3613 4094; x_wconf 87' lang='grc' dir='ltr'>ἑπόμενοι</span> <span class='ocrx_word' id='word_1_617' title='bbox 3641 4016 3792 4093; x_wconf 76' lang='grc' dir='ltr'>μετὰ</span> <span class='ocrx_word' id='word_1_618' title='bbox 3814 4014 3927 4092; x_wconf 77' lang='grc' dir='ltr'><strong>μὲν</strong></span> <span class='ocrx_word' id='word_1_619' title='bbox 3958 4012 4102 4078; x_wconf 87' lang='grc' dir='ltr'>Διὸς</span> <span class='ocrx_word' id='word_1_620' title='bbox 4133 4014 4315 4092; x_wconf 83' lang='grc' dir='ltr'>ἡμεῖς,</span> <span class='ocrx_word' id='word_1_621' title='bbox 4349 4014 4528 4078; x_wconf 77' lang='grc' dir='ltr'>ἄλλοι</span> 
     </span>
     <span class='ocr_line' id='line_1_84' title="bbox 2841 4113 4521 4199; baseline -0.002 -16"><span class='ocrx_word' id='word_1_622' title='bbox 2841 4121 2906 4183; x_wconf 73' lang='grc' dir='ltr'><strong>δὲ</strong></span> <span class='ocrx_word' id='word_1_623' title='bbox 2947 4117 3070 4199; x_wconf 83' lang='grc' dir='ltr'>μετ’</span> <span class='ocrx_word' id='word_1_624' title='bbox 3100 4119 3307 4182; x_wconf 83' lang='grc' dir='ltr'>ἄλλων</span> <span class='ocrx_word' id='word_1_625' title='bbox 3336 4122 3506 4191; x_wconf 82' lang='grc' dir='ltr'>θεῶν,</span> <span class='ocrx_word' id='word_1_626' title='bbox 3537 4115 3804 4194; x_wconf 80' lang='grc' dir='ltr'>τελετὴν,</span> <span class='ocrx_word' id='word_1_627' title='bbox 3834 4113 3871 4196; x_wconf 84' lang='grc' dir='ltr'>ᾗ</span> <span class='ocrx_word' id='word_1_628' title='bbox 3901 4115 4062 4194; x_wconf 82' lang='grc' dir='ltr'>θέμις</span> <span class='ocrx_word' id='word_1_629' title='bbox 4103 4115 4310 4197; x_wconf 87' lang='grc' dir='ltr'>λέγειν</span> <span class='ocrx_word' id='word_1_630' title='bbox 4335 4142 4521 4196; x_wconf 89' lang='grc' dir='ltr'>μακα-</span> 
     </span>
     <span class='ocr_line' id='line_1_85' title="bbox 2838 4217 4525 4306; baseline -0.003 -20"><span class='ocrx_word' id='word_1_631' title='bbox 2838 4221 3126 4303; x_wconf 88' lang='grc' dir='ltr'>ριωτάτην</span> <span class='ocrx_word' id='word_1_632' title='bbox 3152 4223 3513 4301; x_wconf 83' lang='grc' dir='ltr'>τελούμενοι.</span> <span class='ocrx_word' id='word_1_633' title='bbox 3562 4218 3664 4283; x_wconf 87' lang='lat' dir='ltr'><strong>Cf.</strong></span> <span class='ocrx_word' id='word_1_634' title='bbox 3693 4217 3903 4282; x_wconf 89' lang='lat' dir='ltr'><strong>Nostri</strong></span> <span class='ocrx_word' id='word_1_635' title='bbox 3932 4241 4066 4306; x_wconf 81' lang='lat' dir='ltr'><strong>cap.</strong></span> <span class='ocrx_word' id='word_1_636' title='bbox 4101 4241 4366 4305; x_wconf 83' lang='lat' dir='ltr'><strong>sequens</strong></span> <span class='ocrx_word' id='word_1_637' title='bbox 4394 4218 4525 4282; x_wconf 91' lang='lat' dir='ltr'><strong>init.</strong></span> 
     </span>
     <span class='ocr_line' id='line_1_86' title="bbox 2839 4327 3207 4410; baseline -0.005 -21"><span class='ocrx_word' id='word_1_638' title='bbox 2839 4346 2902 4410; x_wconf 93' lang='lat' dir='ltr'><strong>p.</strong></span> <span class='ocrx_word' id='word_1_639' title='bbox 2936 4343 3087 4409; x_wconf 86' lang='lat'><strong>551.</strong></span> <span class='ocrx_word' id='word_1_640' title='bbox 3118 4327 3207 4388; x_wconf 90' lang='lat' dir='ltr'><strong>A.</strong></span> 
     </span>
    </p>

    <p class='ocr_par' dir='ltr' id='par_1_12' title="bbox 2838 4425 4530 5636">
     <span class='ocr_line' id='line_1_87' title="bbox 2910 4425 4530 4513; baseline -0.001 -22"><span class='ocrx_word' id='word_1_641' title='bbox 2910 4447 3111 4513; x_wconf 82' lang='lat'><strong>—13.</strong></span> <span class='ocrx_word' id='word_1_642' title='bbox 3141 4430 3291 4507; x_wconf 76' lang='grc' dir='ltr'>μετὰ</span> <span class='ocrx_word' id='word_1_643' title='bbox 3316 4425 3554 4491; x_wconf 88' lang='grc' dir='ltr'>πάντων</span> <span class='ocrx_word' id='word_1_644' title='bbox 3582 4432 3702 4490; x_wconf 81' lang='grc' dir='ltr'><strong>τῶν</strong></span> <span class='ocrx_word' id='word_1_645' title='bbox 3732 4427 3800 4490; x_wconf 79' lang='grc' dir='ltr'>έν</span> <span class='ocrx_word' id='word_1_646' title='bbox 3826 4425 3980 4511; x_wconf 72' lang='grc' dir='ltr'>αὐτῷ</span> <span class='ocrx_word' id='word_1_647' title='bbox 4010 4429 4180 4498; x_wconf 76' lang='grc' dir='ltr'>θεῶν,</span> <span class='ocrx_word' id='word_1_648' title='bbox 4209 4426 4293 4492; x_wconf 85' lang='grc' dir='ltr'>εἷς</span> <span class='ocrx_word' id='word_1_649' title='bbox 4318 4426 4403 4490; x_wconf 81' lang='grc' dir='ltr'>ὢν</span> <span class='ocrx_word' id='word_1_650' title='bbox 4433 4427 4530 4490; x_wconf 87' lang='grc' dir='ltr'><strong>καὶ</strong></span> 
     </span>
     <span class='ocr_line' id='line_1_88' title="bbox 2839 4526 4530 4612; baseline -0.001 -18"><span class='ocrx_word' id='word_1_651' title='bbox 2839 4531 3375 4608; x_wconf 78' lang='grc' dir='ltr'>πάντες-μᾶλλον</span> <span class='ocrx_word' id='word_1_652' title='bbox 3402 4530 3467 4592; x_wconf 78' lang='grc' dir='ltr'><strong>δὲ</strong></span> <span class='ocrx_word' id='word_1_653' title='bbox 3492 4530 3525 4591; x_wconf 88' lang='lat'><strong>6</strong></span> <span class='ocrx_word' id='word_1_654' title='bbox 3557 4529 3639 4595; x_wconf 79' lang='grc' dir='ltr'>εἷς</span> <span class='ocrx_word' id='word_1_655' title='bbox 3665 4527 3883 4596; x_wconf 88' lang='grc' dir='ltr'>πάντες</span> <span class='ocrx_word' id='word_1_656' title='bbox 3908 4542 3970 4591; x_wconf 86' lang='lat' dir='ltr'><strong>et</strong></span> <span class='ocrx_word' id='word_1_657' title='bbox 3999 4526 4160 4591; x_wconf 81' lang='lat' dir='ltr'><strong>infra</strong></span> <span class='ocrx_word' id='word_1_658' title='bbox 4193 4530 4251 4591; x_wconf 89' lang='grc' dir='ltr'>Ε</span> <span class='ocrx_word' id='word_1_659' title='bbox 4268 4529 4530 4612; x_wconf 74' lang='grc' dir='ltr'>ε-μέγα</span> 
     </span>
     <span class='ocr_line' id='line_1_89' title="bbox 2838 4631 4528 4719; baseline 0.001 -23"><span class='ocrx_word' id='word_1_660' title='bbox 2838 4635 2950 4714; x_wconf 75' lang='grc' dir='ltr'><strong>μὲν</strong></span> <span class='ocrx_word' id='word_1_661' title='bbox 2994 4633 3101 4696; x_wconf 77' lang='grc' dir='ltr'>οὖν</span> <span class='ocrx_word' id='word_1_662' title='bbox 3141 4632 3234 4695; x_wconf 84' lang='grc' dir='ltr'><strong>καὶ</strong></span> <span class='ocrx_word' id='word_1_663' title='bbox 3277 4633 3379 4696; x_wconf 83' lang='grc' dir='ltr'>ὅδε</span> <span class='ocrx_word' id='word_1_664' title='bbox 3417 4634 3450 4694; x_wconf 88' lang='lat'><strong>6</strong></span> <span class='ocrx_word' id='word_1_665' title='bbox 3486 4631 3751 4713; x_wconf 84' lang='grc' dir='ltr'>οὐρανὸς,</span> <span class='ocrx_word' id='word_1_666' title='bbox 3791 4632 3888 4695; x_wconf 85' lang='grc' dir='ltr'><strong>καὶ</strong></span> <span class='ocrx_word' id='word_1_667' title='bbox 3930 4633 3992 4696; x_wconf 74' lang='grc' dir='ltr'><strong>αἱ</strong></span> <span class='ocrx_word' id='word_1_668' title='bbox 4038 4632 4105 4695; x_wconf 81' lang='grc' dir='ltr'>έν</span> <span class='ocrx_word' id='word_1_669' title='bbox 4142 4632 4296 4719; x_wconf 74' lang='grc' dir='ltr'>αὐτῷ</span> <span class='ocrx_word' id='word_1_670' title='bbox 4339 4637 4528 4697; x_wconf 80' lang='grc' dir='ltr'>πᾶσαι</span> 
     </span>
     <span class='ocr_line' id='line_1_90' title="bbox 2841 4732 4524 4820; baseline -0.002 -20"><span class='ocrx_word' id='word_1_671' title='bbox 2841 4735 3111 4815; x_wconf 85' lang='grc' dir='ltr'>δυνάμεις</span> <span class='ocrx_word' id='word_1_672' title='bbox 3151 4734 3345 4818; x_wconf 84' lang='grc' dir='ltr'>ὁμοῦ.]</span> <span class='ocrx_word' id='word_1_673' title='bbox 3399 4732 3589 4797; x_wconf 83' lang='lat' dir='ltr'><strong>Color</strong></span> <span class='ocrx_word' id='word_1_674' title='bbox 3631 4732 3844 4797; x_wconf 88' lang='lat' dir='ltr'><strong>similis</strong></span> <span class='ocrx_word' id='word_1_675' title='bbox 3884 4732 4129 4797; x_wconf 87' lang='lat' dir='ltr'><strong>illorum</strong></span> <span class='ocrx_word' id='word_1_676' title='bbox 4176 4733 4239 4796; x_wconf 93' lang='lat' dir='ltr'><strong>in</strong></span> <span class='ocrx_word' id='word_1_677' title='bbox 4285 4733 4524 4820; x_wconf 89' lang='lat' dir='ltr'><strong>Epino-</strong></span> 
     </span>
     <span class='ocr_line' id='line_1_91' title="bbox 2841 4834 4524 4923; baseline -0.001 -22"><span class='ocrx_word' id='word_1_678' title='bbox 2841 4836 3006 4901; x_wconf 89' lang='lat' dir='ltr'><strong>mide</strong></span> <span class='ocrx_word' id='word_1_679' title='bbox 3033 4836 3194 4900; x_wconf 87' lang='lat' dir='ltr'><strong>inter</strong></span> <span class='ocrx_word' id='word_1_680' title='bbox 3217 4836 3560 4900; x_wconf 84' lang='lat' dir='ltr'><strong>Platonicos</strong></span> <span class='ocrx_word' id='word_1_681' title='bbox 3587 4834 3865 4922; x_wconf 88' lang='lat' dir='ltr'><strong>dialogos</strong></span> <span class='ocrx_word' id='word_1_682' title='bbox 3886 4858 3950 4923; x_wconf 92' lang='lat' dir='ltr'><strong>p.</strong></span> <span class='ocrx_word' id='word_1_683' title='bbox 3972 4854 4118 4920; x_wconf 90' lang='lat'><strong>977.</strong></span> <span class='ocrx_word' id='word_1_684' title='bbox 4139 4858 4196 4899; x_wconf 91' lang='lat' dir='ltr'><strong>a.</strong></span> <span class='ocrx_word' id='word_1_685' title='bbox 4212 4837 4275 4901; x_wconf 93' lang='lat' dir='ltr'><strong>b.</strong></span> <span class='ocrx_word' id='word_1_686' title='bbox 4296 4859 4357 4923; x_wconf 90' lang='lat' dir='ltr'><strong>p.</strong></span> <span class='ocrx_word' id='word_1_687' title='bbox 4375 4840 4524 4922; x_wconf 81' lang='lat'><strong>346.</strong></span> 
     </span>
     <span class='ocr_line' id='line_1_92' title="bbox 2841 4938 4528 5021; baseline 0 -17"><span class='ocrx_word' id='word_1_688' title='bbox 2841 4939 3041 5004; x_wconf 85' lang='lat' dir='ltr'><strong>Bekk.</strong></span> <span class='ocrx_word' id='word_1_689' title='bbox 3063 4941 3303 5003; x_wconf 73' lang='lat' dir='ltr'><strong>:—rt&#39;va</strong></span> <span class='ocrx_word' id='word_1_690' title='bbox 3332 4940 3401 5018; x_wconf 78' lang='grc' dir='ltr'><strong>δὴ</strong></span> <span class='ocrx_word' id='word_1_691' title='bbox 3432 4940 3531 5003; x_wconf 85' lang='grc' dir='ltr'><strong>καὶ</strong></span> <span class='ocrx_word' id='word_1_692' title='bbox 3557 4941 3867 5019; x_wconf 80' lang='grc' dir='ltr'>σεμνύνων</span> <span class='ocrx_word' id='word_1_693' title='bbox 3895 4942 4039 5003; x_wconf 78' lang='grc' dir='ltr'>ποτὲ</span> <span class='ocrx_word' id='word_1_694' title='bbox 4088 4938 4249 5021; x_wconf 80' lang='grc' dir='ltr'>λέγω</span> <span class='ocrx_word' id='word_1_695' title='bbox 4290 4940 4448 5014; x_wconf 86' lang='grc' dir='ltr'>θεὸν,</span> <span class='ocrx_word' id='word_1_696' title='bbox 4481 4939 4528 5004; x_wconf 74' lang='grc' dir='ltr'><em>ὦ</em></span> 
     </span>
     <span class='ocr_line' id='line_1_93' title="bbox 2841 5041 4530 5125; baseline 0.001 -19"><span class='ocrx_word' id='word_1_697' title='bbox 2841 5042 3119 5125; x_wconf 83' lang='grc' dir='ltr'>Μέγιλλε</span> <span class='ocrx_word' id='word_1_698' title='bbox 3162 5068 3227 5106; x_wconf 87' lang='grc' dir='ltr'><strong>τε</strong></span> <span class='ocrx_word' id='word_1_699' title='bbox 3275 5043 3368 5105; x_wconf 87' lang='grc' dir='ltr'><strong>καὶ</strong></span> <span class='ocrx_word' id='word_1_700' title='bbox 3410 5043 3696 5115; x_wconf 70' lang='grc' dir='ltr'>Κλεινίας</span> <span class='ocrx_word' id='word_1_701' title='bbox 3748 5042 3972 5125; x_wconf 84' lang='grc' dir='ltr'>σχεδὸν</span> <span class='ocrx_word' id='word_1_702' title='bbox 4015 5041 4272 5124; x_wconf 83' lang='grc' dir='ltr'>οὐρανὸν</span> <span class='ocrx_word' id='word_1_703' title='bbox 4316 5042 4387 5106; x_wconf 84' lang='grc' dir='ltr'>δν</span> <span class='ocrx_word' id='word_1_704' title='bbox 4433 5045 4530 5107; x_wconf 83' lang='grc' dir='ltr'><strong>καὶ</strong></span> 
     </span>
     <span class='ocr_line' id='line_1_94' title="bbox 2840 5145 4528 5224; baseline -0.001 -15"><span class='ocrx_word' id='word_1_705' title='bbox 2840 5147 3224 5223; x_wconf 85' lang='grc' dir='ltr'>δικαιότατον,</span> <span class='ocrx_word' id='word_1_706' title='bbox 3255 5146 3331 5211; x_wconf 84' lang='grc' dir='ltr'><strong>ὡς</strong></span> <span class='ocrx_word' id='word_1_707' title='bbox 3363 5148 3690 5224; x_wconf 75' lang='grc' dir='ltr'>ξύμπαντες</span> <span class='ocrx_word' id='word_1_708' title='bbox 3731 5145 3911 5208; x_wconf 79' lang='grc' dir='ltr'>ἄλλοι</span> <span class='ocrx_word' id='word_1_709' title='bbox 3954 5146 4226 5223; x_wconf 85' lang='grc' dir='ltr'>δαίμονες</span> <span class='ocrx_word' id='word_1_710' title='bbox 4268 5145 4388 5224; x_wconf 78' lang='grc' dir='ltr'><strong>ἅμα</strong></span> <span class='ocrx_word' id='word_1_711' title='bbox 4432 5145 4528 5209; x_wconf 85' lang='grc' dir='ltr'><strong>καὶ</strong></span> 
     </span>
     <span class='ocr_line' id='line_1_95' title="bbox 2840 5247 4530 5332; baseline 0 -20"><span class='ocrx_word' id='word_1_712' title='bbox 2840 5249 2984 5322; x_wconf 86' lang='grc' dir='ltr'>θεοὶ,</span> <span class='ocrx_word' id='word_1_713' title='bbox 3008 5253 3183 5331; x_wconf 75' lang='grc' dir='ltr'>τιμᾷν</span> <span class='ocrx_word' id='word_1_714' title='bbox 3207 5273 3272 5311; x_wconf 87' lang='grc' dir='ltr'><strong>τε</strong></span> <span class='ocrx_word' id='word_1_715' title='bbox 3304 5247 3399 5311; x_wconf 84' lang='grc' dir='ltr'><strong>καὶ</strong></span> <span class='ocrx_word' id='word_1_716' title='bbox 3424 5249 3705 5330; x_wconf 82' lang='grc' dir='ltr'>εὔχεσθαι</span> <span class='ocrx_word' id='word_1_717' title='bbox 3734 5247 4128 5329; x_wconf 88' lang='grc' dir='ltr'>διαφερόντως</span> <span class='ocrx_word' id='word_1_718' title='bbox 4156 5247 4530 5332; x_wconf 61' lang='grc' dir='ltr'>αὐτᾷ-ἐὰν</span> 
     </span>
     <span class='ocr_line' id='line_1_96' title="bbox 2839 5347 4528 5434; baseline -0.001 -19"><span class='ocrx_word' id='word_1_719' title='bbox 2839 5355 2953 5434; x_wconf 80' lang='grc' dir='ltr'><strong>γὰρ</strong></span> <span class='ocrx_word' id='word_1_720' title='bbox 2981 5353 3039 5430; x_wconf 75' lang='grc' dir='ltr'><strong>ἴῃ</strong></span> <span class='ocrx_word' id='word_1_721' title='bbox 3069 5376 3155 5417; x_wconf 88' lang='grc' dir='ltr'>τις</span> <span class='ocrx_word' id='word_1_722' title='bbox 3184 5351 3281 5415; x_wconf 79' lang='grc' dir='ltr'><strong>ἐπὶ</strong></span> <span class='ocrx_word' id='word_1_723' title='bbox 3310 5350 3548 5430; x_wconf 88' lang='grc' dir='ltr'>θεορίαν</span> <span class='ocrx_word' id='word_1_724' title='bbox 3576 5349 3757 5429; x_wconf 81' lang='grc' dir='ltr'>ὀρθὴν</span> <span class='ocrx_word' id='word_1_725' title='bbox 3783 5349 3893 5427; x_wconf 78' lang='grc' dir='ltr'><strong>τὴν</strong></span> <span class='ocrx_word' id='word_1_726' title='bbox 3921 5352 4109 5422; x_wconf 83' lang='grc' dir='ltr'>τοῦδε,</span> <span class='ocrx_word' id='word_1_727' title='bbox 4144 5350 4261 5412; x_wconf 77' lang='grc' dir='ltr'>εἴτε</span> <span class='ocrx_word' id='word_1_728' title='bbox 4302 5347 4528 5427; x_wconf 83' lang='grc' dir='ltr'>κόσμον</span> 
     </span>
     <span class='ocr_line' id='line_1_97' title="bbox 2840 5449 4522 5536; baseline -0.002 -18"><span class='ocrx_word' id='word_1_729' title='bbox 2840 5457 2957 5519; x_wconf 76' lang='grc' dir='ltr'>εἴτε</span> <span class='ocrx_word' id='word_1_730' title='bbox 2976 5452 3295 5534; x_wconf 89' lang='grc' dir='ltr'>Ὄλυμπον</span> <span class='ocrx_word' id='word_1_731' title='bbox 3323 5456 3438 5516; x_wconf 86' lang='grc' dir='ltr'>εἴτε</span> <span class='ocrx_word' id='word_1_732' title='bbox 3469 5451 3722 5534; x_wconf 80' lang='grc' dir='ltr'>οὐρανὸν</span> <span class='ocrx_word' id='word_1_733' title='bbox 3753 5452 3820 5514; x_wconf 77' lang='grc' dir='ltr'>έν</span> <span class='ocrx_word' id='word_1_734' title='bbox 3845 5452 4025 5530; x_wconf 81' lang='grc' dir='ltr'>ἡδονῇ</span> <span class='ocrx_word' id='word_1_735' title='bbox 4054 5454 4134 5536; x_wconf 77' lang='grc' dir='ltr'>τῷ</span> <span class='ocrx_word' id='word_1_736' title='bbox 4161 5449 4388 5533; x_wconf 79' lang='grc' dir='ltr'>λέγειν,</span> <span class='ocrx_word' id='word_1_737' title='bbox 4418 5457 4522 5515; x_wconf 72' lang='grc' dir='ltr'><strong>λε·</strong></span> 
     </span>
     <span class='ocr_line' id='line_1_98' title="bbox 2840 5554 4527 5636; baseline 0.001 -18"><span class='ocrx_word' id='word_1_738' title='bbox 2840 5554 2991 5636; x_wconf 80' lang='grc' dir='ltr'>γε’τω</span> <span class='ocrx_word' id='word_1_739' title='bbox 3018 5557 3148 5634; x_wconf 74' lang='grc' dir='ltr'>μὲν,</span> <span class='ocrx_word' id='word_1_740' title='bbox 3182 5556 3573 5619; x_wconf 82' lang='grc' dir='ltr'>ἀκολουθείτω</span> <span class='ocrx_word' id='word_1_741' title='bbox 3614 5556 3678 5618; x_wconf 77' lang='grc' dir='ltr'><strong>δὲ</strong></span> <span class='ocrx_word' id='word_1_742' title='bbox 3718 5554 3832 5633; x_wconf 85' lang='grc' dir='ltr'><strong>ὅπη</strong></span> <span class='ocrx_word' id='word_1_743' title='bbox 3866 5555 4191 5618; x_wconf 84' lang='grc' dir='ltr'>ποικίλλων</span> <span class='ocrx_word' id='word_1_744' title='bbox 4219 5554 4401 5619; x_wconf 82' lang='grc' dir='ltr'>αὑτὸν</span> <span class='ocrx_word' id='word_1_745' title='bbox 4430 5558 4527 5619; x_wconf 79' lang='grc' dir='ltr'><strong>καὶ</strong></span> 
     </span>
    </p>
   </div>
  </div>
 </body>
</html>
