5118 6613
1095 511 1221 576 186

1099 682 1373 747 nendum
1406 680 1658 748 minime
1699 681 2003 748 idoneam.
2093 686 2260 750 Nam
2303 684 2392 752 ita
2431 685 2671 775 pergit:
2717 687 2787 752 τὸ

1101 788 1168 850 δὲ
1197 787 1421 870 ἄγονον
1449 789 1550 866 τῆς
1581 788 1726 867 ὕλης
1765 787 2059 867 μενούσης
2097 786 2165 853 τὸ
2207 790 2352 854 αὐτὸ
2396 792 2491 855 ἀεὶ
2534 794 2631 856 διὰ
2671 797 2789 855 τῶν

1099 891 1237 972 περὶ
1291 889 1473 969 αὐτὴν
1515 889 1749 971 ἀγόνων
1806 892 2788 969 aqxos'vres.Fic.:“ate1-ilita.

1100 1005 1228 1057 tem
1259 1014 1405 1057 vero
1447 989 1723 1056 materiae
1751 1014 1994 1112 semper
2033 991 2201 1059 idem
2241 995 2546 1061 manentis
2582 1012 2786 1062 osten-

1100 1093 1317 1159 dentes
1351 1115 1472 1182 per
1497 1094 1610 1158 illa
1642 1117 1790 1182 quae
1830 1096 2002 1160 circa
2043 1097 2249 1185 ipsam
2290 1100 2538 1163 etenle'a
2572 1100 2784 1187 dispo·

1099 1197 1404 1262 uantur?
1492 1195 1735 1286 Taylor
1780 1197 2041 1263 itemz‘
2047 1200 2233 1264 ‘But
2279 1200 2420 1289 they
2468 1202 2787 1268 indicated

1099 1301 1197 1368 tloe
1225 1301 1561 1390 unprolajfic
1587 1310 1817 1366 natzare
1843 1302 1932 1388 of
1940 1311 2187 1383 matter,
2212 1303 2408 1368 which
2423 1305 2664 1393 always
2684 1325 2781 1369 re-

1097 1408 1306 1472 maim
1351 1405 1451 1471 the
1501 1426 1697 1484 same,
1747 1427 1831 1469 ιγ
1880 1427 2018 1469 rna
2063 1429 2330 1471 ananan
2375 1430 2787 1473 svasnnrcas

1103 1532 1332 1575 wmcn
1393 1531 1585 1572 wana
1645 1530 1890 1571 ruem>
1946 1532 2161 1573 ηοω·
2221 1510 2352 1575 ιτ.”
2466 1510 2784 1597 Eqnidem

1099 1612 1623 1699 nescioquaeuam
1654 1609 1884 1675 sterilia
1922 1611 2085 1676 circa
2121 1612 2441 1678 materiam
2486 1613 2786 1679 collocen-

1098 1732 1224 1798 tur,
1251 1718 1379 1783 sive
1407 1740 1552 1804 quse
1579 1715 1814 1781 steriles
1836 1715 2231 1782 substantiae:
2281 1717 2398 1782 hoc
2425 1718 2552 1783 scio
2580 1735 2643 1784 et
2686 1743 2787 1784 su-

1095 1843 1211 1910 pra
1238 1819 1598 1908 significavi,
1621 1819 1941 1884 Plotinum
1972 1819 2207 1907 pudico
2232 1819 2529 1908 loquendi
2559 1845 2787 1909 genere

1097 1922 1189 1988 uti
1219 1922 1413 1987 solere
1456 1923 1519 1986 in
1554 1922 1741 1988 rebus
1777 1922 2097 2003 obscaenis,
2127 1923 2342 2011 quales
2369 1925 2469 1991 hae
2497 1943 2644 1992 sunt
2672 1950 2782 1992 an-

1094 2026 1414 2113 tiquarum
1441 2025 1807 2114 religionum
1838 2026 2323 2114 fabularumque
2351 2043 2640 2110 tessera-3
2672 2052 2784 2094 nec

1092 2128 1201 2194 illa
1229 2130 1421 2196 verba
1457 2129 1842 2219 sejungenda
1886 2153 2019 2198 esse
2060 2129 2330 2196 arbitror
2369 2130 2452 2196 ab
2489 2131 2609 2210 his,
2639 2155 2784 2219 quae

1094 2234 1394 2300 continuo
1433 2235 1723 2323 adjungit
1751 2233 2161 2323 philosophus
2188 2249 2250 2300 et
2275 2258 2392 2326 per
2417 2235 2787 2324 particulam

1092 2336 1396 2404 causalem
1428 2338 1737 2404 connectit
1761 2360 1905 2403 cum
1936 2337 2153 2404 iisdem
2185 2363 2200 2403 ε
2246 2338 2468 2422 μητέρα
2496 2343 2613 2421 γὰρ
2634 2339 2779 2404 πάν-

1092 2467 1210 2506 των
1230 2440 1583 2521 ποιήσαντες
1614 2468 1663 2505 κ.
1685 2467 1739 2505 τ.
1757 2448 1816 2505 λ.
1880 2439 2155 2506 Proinde
2185 2439 2299 2506 hos
2320 2440 2606 2528 designat
2636 2440 2783 2507 Plo-

1092 2544 1280 2622 tinus,
1311 2543 1422 2630 qui
1463 2546 1614 2625 ὕλην
1657 2544 1911 2626 ῥευστὴν
1953 2543 2279 2626 (fluentem
2324 2557 2387 2609 et
2431 2543 2777 2609 instabilem

1090 2646 1440 2731 materiam)
1494 2661 1790 2733 tanquam
1835 2645 2012 2712 Ῥέαν
2061 2646 2306 2731 (Ῥείαν)
2357 2648 2598 2713 Rhe-am
2645 2670 2777 2712 om-

1089 2753 1270 2816 nium
1298 2759 1561 2815 matrem
1603 2748 1981 2815 exhibebant
2022 2742 2455 2835 colebantque.
2546 2750 2781 2815 Plotim

1092 2870 1298 2919 autem
1330 2867 1513 2918 aetate
1543 2852 1745 2918 Rheoe
1773 2874 1946 2918 sacra
1972 2851 2219 2917 dudum
2250 2850 2606 2918 coaluerant
2636 2876 2776 2918 cum

1091 2956 1275 3022 sacris
1303 2954 1572 3044 Cybeles
1603 2955 1968 3039 (Κυβήβης).
2058 2957 2207 3019 Jam
2238 2954 2349 3040 qui
2379 2955 2610 3020 circum
2644 2958 2779 3043 Cy-

1090 3058 1269 3126 belen
1301 3060 1429 3125 sive
1457 3059 1703 3124 Rheam
1735 3072 1911 3123 erant
1945 3056 2290 3135 sacrificuli,
2321 3080 2584 3145 eamque
2611 3073 2773 3146 tym-

1087 3184 1393 3250 panorum
1414 3184 1848 3249 cornuumque
1874 3184 2046 3241 sono,
2072 3160 2501 3227 saltationibus
2520 3161 2780 3249 aliisque

1089 3266 1277 3333 rebus
1326 3289 1469 3332 cum
1515 3264 1726 3331 furore
1781 3264 2045 3353 peractis
2099 3262 2384 3329 colebant
2433 3265 2536 3348 (cf.
2583 3266 2780 3353 Wyt-

1093 3371 1257 3436 tenb.
1306 3370 1388 3435 ad
1435 3367 1754 3435 Plutarch.
1799 3368 1880 3433 de
1923 3368 2108 3432 discr.
2152 3367 2331 3432 amic.
2376 3381 2439 3433 et
2496 3368 2666 3433 adul.
2713 3393 2775 3456 p.

1086 3475 1479 3560 457—459.)
1512 3486 1689 3537 erant
1720 3471 1892 3536 Galli
1924 3470 2210 3553 (Γάλλοι)
2238 3469 2355 3534 hoc
2384 3486 2477 3535 est
2508 3473 2780 3557 εὐνοῦχοι

1091 3579 1380 3642 ἆπόκοποι
1423 3574 1550 3640 sive
1599 3572 2063 3654 ἀποτετμημένοι
2106 3577 2180 3638 τὰ
2224 3576 2435 3647 αἰδοῖα,
2484 3574 2780 3644 σπάδονες

1094 3681 1467 3763 (σπάδοντες.
1515 3676 1640 3742 vid.
1687 3674 2028 3763 Phrynich.
2062 3675 2239 3762 Epit.
2270 3699 2335 3762 p.
2370 3693 2518 3759 272.
2552 3699 2649 3763 sq.
2691 3677 2772 3741 ib.

1093 3781 1374 3848 Lobeck.
1404 3795 1468 3846 et
1498 3780 1731 3844 Thom.
1772 3777 2065 3865 Magistr.
2093 3802 2159 3866 p.
2198 3779 2339 3865 138.
2372 3801 2463 3865 sq.
2497 3779 2650 3866 ibiq.
2680 3779 2774 3844 in·

1090 3905 1314 3973 terprr.
1352 3883 1688 3949 Ruhnken.
1717 3880 1797 3946 ad
1830 3880 2002 3947 Tim.
2037 3883 2196 3946 Lex.
2230 3880 2395 3945 Plat.
2424 3904 2490 3968 p.
2533 3886 2667 3965 11.)
2698 3882 2779 3947 de

1090 3988 1319 4075 quibus
1350 3986 1657 4050 Manetho
1683 3984 1748 4049 in
1781 3984 2227 4072 Apotelesmm.
2264 3984 2378 4049 VI.
2415 4001 2573 4068 297:

1267 4095 1544 4167 κέρσαντες
1569 4093 1673 4165 γὰρ
1704 4091 1914 4164 ἀχρεῖον
1939 4093 2027 4146 ἑοῦ
2052 4091 2156 4146 ἀπὸ
2183 4093 2423 4161 σώματος
2446 4092 2591 4148 αίδό.

1090 4186 1371 4274 adeoque
1401 4187 1609 4268 ἄγονοι
1633 4185 1674 4249 i.
1700 4208 1756 4249 e.
1785 4185 2132 4250 sterilesad
2148 4184 2555 4273 gignendum
2580 4213 2602 4259 ‚·
2650 4210 2780 4274 quo

1095 4313 1274 4355 sensu
1317 4289 1497 4354 Plato
1523 4288 1588 4352 in
1620 4288 1872 4353 Theoet.
1904 4311 1967 4375 p.
2004 4303 2146 4373 150.
2179 4310 2230 4351 c.
2270 4285 2500 4375 aliique
2528 4287 2647 4353 hoc
2674 4313 2781 4355 vo-

1091 4392 1382 4458 cabulum
1438 4406 1745 4480 usurpant
1794 4390 1954 4475 (vid.
2002 4390 2286 4477 Hesych.
2330 4389 2395 4453 in
2439 4414 2572 4456 voc.
2616 4404 2679 4456 et
2722 4394 2775 4456 1.

1093 4496 1201 4558 Fr.
1237 4494 1514 4561 Fischeri
1546 4495 1748 4560 Indic.
1776 4494 1840 4559 in
1871 4493 2153 4560 AEschin.
2192 4496 2427 4559 Socrat.
2464 4494 2681 4559 eodem
2714 4496 2778 4560 in

1095 4596 1448 4683 vocabulo.)
1510 4599 1558 4662 J
1561 4620 1662 4662 am
1684 4612 1894 4663 teneto
1909 4596 2268 4685 sequentia:
2300 4599 2606 4680 πόῤῥωθεν
2627 4601 2781 4680 ὅμως

1096 4701 1161 4765 δὲ
1200 4702 1276 4769 ὣς
1314 4702 1593 4766 ἐδύναντο
1626 4703 1991 4780 ἐνεδείξαντο
2022 4703 2100 4770 ὣς
2143 4702 2360 4783 ἄγονός
2395 4726 2463 4765 τε
2506 4702 2602 4765 καὶ
2644 4702 2781 4767 οὐδὲ

1097 4801 1287 4883 πάντ-η
1316 4806 1494 4883 θῆλυς
1524 4804 1589 4884 (ἡ
1609 4805 1721 4885 ὕλη
1759 4803 1938 4883 εἰνθῆ
1967 4803 2152 4885 μήτηρ
2180 4808 2297 4867 τῶν
2325 4802 2596 4888 πάντων)
2623 4830 2638 4868 :
2689 4812 2781 4869 “e

1095 4905 1438 4994 longinquo
1479 4906 1727 4993 quidem
1773 4904 2082 4992 (adeoque
2133 4905 2425 4991 obscure)
2480 4905 2782 4993 significa-

1097 5007 1251 5072 bant
1293 5007 1559 5072 sterilem
1598 5032 1728 5073 esse
1754 5008 2074 5073 materiam
2106 5007 2262 5092 (sive
2288 5024 2548 5073 matrem
2580 5009 2779 5096 illam)

1101 5131 1304 5197 neque
1363 5132 1813 5198 usquequaque
1850 5110 2203 5176 feminam.”
2314 5111 2542 5199 Cogita
2597 5112 2781 5177 etiam

1102 5225 1379 5278 extrema
1406 5212 1657 5300 capitis:
1707 5212 2182 5294 ἀποτετμημένον
2221 5217 2286 5278 δὲ
2322 5214 2517 5295 πάσης
2555 5220 2657 5296 τῆς
2684 5221 2787 5281 τοῦ

1102 5319 1324 5400 γεννᾷν
1366 5314 1682 5395 δυνάμεως.
1771 5318 1917 5381 Hoc
1959 5315 2165 5403 ipsum
2209 5316 2300 5380 illi
2345 5318 2606 5406 Magnae
2643 5320 2783 5383 Ma·

1103 5416 1214 5481 tris
1241 5417 1459 5482 famuli
1502 5417 1911 5505 significatum
1943 5418 2234 5485 volebant
2276 5444 2391 5485 sua
2424 5419 2532 5484 illa
2572 5444 2786 5486 exsec-

1109 5518 1296 5599 tione,
1334 5520 1461 5585 sive
1487 5518 1576 5584 illi
1609 5519 1776 5586 Galli
1805 5521 1915 5608 qui
1943 5538 2008 5587 et
2041 5522 2160 5610 ipa
2187 5522 2626 5590 describuntur
2655 5540 2790 5591 tan-

2079 512 2903 579 ANNOTATIONES

2972 514 3085 578 IN
3153 513 3592 581 PLOTINI

2872 708 3063 773 quam
3113 689 3172 752 οἱ
3214 686 3680 769 duos-enumero:
3718 690 3795 754 τὸ
3836 690 4054 754 alboin..
4155 687 4408 754 Horum
4449 686 4564 776 igi·

2873 803 2977 854 tur
3008 790 3345 856 Galliambi
3389 790 3574 878 plane
3605 790 3985 857 contrarium
4029 792 4331 857 sonabant
4373 805 4564 877 atque

2876 892 3296 981 Ithyphallica
3324 895 3596 960 carmina
3626 895 3932 960 Mercurii
3955 909 4189 960 vatum.
4279 893 4376 958 Hi
4402 893 4561 960 cele-

2871 994 3138 1061 brabant
3166 996 3557 1084 Pelasgicum
3599 997 3987 1063 Mercurium
4020 998 4289 1063 excitata
4316 1011 4562 1077 natura,

2869 1113 2934 1163 et
2973 1099 3056 1164 ad
3096 1097 3481 1188 gignendum
3530 1122 3772 1188 semper
3820 1119 4143 1189 paratum·
4190 1099 4283 1164 illi
4338 1116 4554 1166 contra

2872 1202 3148 1267 Matrem
3192 1202 3420 1282 Deam,
3471 1226 3672 1290 neque
3715 1219 3920 1269 tamen
3978 1203 4232 1269 omniuo
4276 1219 4559 1282 mtrem,

2872 1305 2981 1369 sed
3010 1305 3405 1394 receptricem
3436 1305 3746 1371 duntaxat
3773 1321 3836 1372 et
3878 1309 4103 1390 ἄγονον
4132 1306 4194 1370 h.
4218 1330 4276 1371 e.
4309 1306 4392 1371 ad
4424 1306 4560 1394 gig-

2872 1407 3144 1473 nendum
3194 1427 3316 1472 non
3368 1408 3671 1473 idoneam.
3762 1411 3928 1475 Haec
3964 1410 4126 1475 inter
4163 1435 4227 1475 se
4254 1410 4561 1475 contraria

2872 1510 3378 1598 significabantur
3416 1509 3535 1575 illis
3572 1511 3802 1576 fabulis
3805 1512 4118 1591 ,tesseris,
4152 1511 4391 1578 ritibus.
4457 1515 4558 1577 Ac

2871 1614 3133 1702 proinde
3161 1613 3391 1678 nemini
3417 1613 3680 1679 dubium
3726 1639 3858 1680 esse
3890 1616 4178 1694 arbitror,
4212 1615 4401 1681 verba
4428 1614 4557 1693 illa,

2875 1716 3042 1782 unde
3069 1716 3329 1805 profecti
3362 1740 3602 1797 sumus,
3629 1717 3718 1783 ita
3747 1718 4105 1807 accipienda
4130 1741 4299 1783 esse:
4349 1725 4395 1759 “
4418 1721 4556 1784 Ste-

2871 1818 2982 1885 rile
3010 1842 3160 1884 vero
3187 1821 3459 1885 materiae
3499 1843 3742 1908 semper
3766 1821 3933 1887 idem
3975 1822 4279 1888 manentis
4320 1821 4555 1910 signifi·

2870 1937 3080 1988 cantes
3120 1947 3230 2009 per
3277 1926 3521 1990 steriles
3562 1927 3672 2012 qui
3723 1927 3893 1989 circa
3935 1927 4112 1990 illam
4158 1926 4556 1991 versantur?

2871 2027 3065 2092 Nolui
3095 2026 3547 2114 interrumpere
3575 2027 3712 2092 haec
3737 2031 4245 2112 μυθολογούμενα.
4332 2029 4556 2092 Restat

2872 2144 2944 2194 ut
2969 2129 3184 2216 paucis
3214 2152 3495 2194 moneam
3527 2129 3606 2195 de
3626 2130 3864 2195 verbis:
3912 2131 3981 2194 τὸ
4008 2136 4111 2212 τῆς
4138 2131 4434 2214 γενέσεως
4454 2133 4553 2213 ὅρ-

2867 2259 3056 2315 γανον
3085 2233 3177 2297 ἀεὶ
3206 2233 3427 2316 ἔχοντα
3452 2233 3598 2315 πρὸς
3639 2235 3950 2317 ἐργασίαν.
4039 2236 4162 2298 Est
4202 2247 4410 2298 autem
4458 2236 4550 2315 ἐρ-

2866 2337 3054 2418 γασία
3079 2334 3144 2401 h.
3170 2334 3217 2399 l.
3247 2335 3380 2424 ipse
3416 2335 3642 2415 coitus,
3671 2336 3781 2424 qui
3822 2335 3973 2401 alias
4009 2351 4102 2401 est
4144 2338 4342 2420 ἔργον,
4378 2351 4448 2401 ut
4488 2336 4553 2400 in

2864 2435 3110 2524 legibus
3138 2437 3404 2503 Atticis:
3452 2444 3674 2518 λαβεῖν
3691 2437 3906 2522 μοιχὸν
3929 2439 3995 2503 ἐν
4023 2439 4178 2525 ἔργῳ
4205 2437 4269 2501 h.
4293 2460 4345 2501 e.
4371 2435 4550 2502 adnl-

2865 2553 3067 2606 terum
3098 2539 3562 2628 deprehendere
3590 2541 3653 2604 iu
3685 2541 3833 2628 ipsis
3862 2541 4046 2605 rebus
4074 2540 4386 2615 venereis;
4428 2540 4552 2605 sive

2863 2642 2925 2707 in
2970 2644 3107 2732 ipsa
3155 2643 3563 2732 turpitudine.
3611 2643 3755 2707 vid.
3816 2643 4201 2708 Brissonium
4251 2643 4333 2708 ad
4388 2645 4548 2730 Leg.

2864 2747 2910 2809 J
2914 2745 3002 2810 ul.
3032 2747 3113 2811 de
3141 2745 3494 2812 Adulteriis
3521 2769 3575 2811 c.
3609 2766 3670 2832 3.
3706 2745 3794 2829 (in
3828 2746 4129 2811 Gronovii
4159 2746 4383 2811 Thess.
4416 2750 4552 2810 An-

2865 2850 3020 2936 tiqq.
3086 2851 3324 2914 Graecc.
3386 2848 3529 2913 Vol.
3592 2851 3792 2914 VIII.
3851 2874 3919 2936 p.
3970 2853 4183 2936 1363.)
4233 2848 4423 2913 Petit.
4472 2848 4550 2912 de

2867 2954 3071 3039 Legg.
3121 2951 3323 3017 Attic.
3373 2974 3438 3039 p.
3480 2953 3632 3038 562.
3683 2952 3785 3016 ed.
3818 2952 4185 3038 Wesseling.
4273 2952 4445 3016 Hinc
4485 2954 4551 3015 ἐν

2867 3056 3019 3142 ἔργῳ
3062 3059 3380 3139 γίγνεσθαι
3423 3078 3476 3119 s.
3522 3057 3574 3120 ἑ.
3605 3057 3653 3119 ἐ.
3702 3054 3874 3120 εἶναι.
3940 3056 4025 3119 Τ.
4063 3053 4427 3119 Hemsterh.
4468 3054 4549 3118 ad

2867 3159 3133 3223 Lucian.
3180 3160 3406 3222 Deorr.
3452 3156 3747 3246 Dialogg.
3805 3157 4012 3221 XVII.
4067 3176 4128 3221 2.
4174 3179 4236 3244 p.
4272 3159 4415 3238 246.
4447 3157 4548 3221 ed.

2866 3262 3101 3327 Wetst.
3166 3260 3345 3326 Alias
3382 3263 3635 3344 ἐργασία
3674 3276 4015 3349 usurpatur
4042 3260 4122 3326 de
4149 3259 4325 3326 lucro
4353 3282 4549 3325 mere-

2866 3365 3056 3430 tricio.
3176 3365 3369 3429 Plene
3428 3382 3633 3430 tamen
3689 3366 3779 3429 ita
3837 3365 4288 3429 Demosthenes
4336 3380 4553 3429 contra

2866 3472 3151 3533 Neaeram
3184 3468 3322 3533 Vol.
3361 3470 3458 3533 11.
3490 3491 3552 3556 p.
3591 3483 3777 3554 1357.
3808 3467 4026 3533 Reisk.
4057 3469 4135 3535 ὥς
4176 3469 4319 3548 αὐτῇ
4358 3469 4396 3547 ἡ
4432 3465 4547 3531 ἀπὸ

2863 3578 2969 3637 τοῦ
2996 3575 3266 3652 σώματος
3294 3573 3550 3654 ἐργασία
3576 3573 3689 3655 οὐχ
3709 3572 3913 3650 ἱκανὴν
3935 3572 4214 3654 εὐπορίαν
4241 3576 4548 3653 παρεῖχεν.

2867 3678 3030 3741 Cum
3056 3690 3259 3739 tamen
3282 3673 3428 3738 alibi
3442 3675 3643 3739 coitus
3665 3673 3909 3738 dicatur
3932 3674 4109 3755 ἔργον
4123 3672 4478 3755 Ἀφροδίτης
4499 3694 4544 3735 s.

2864 3779 3043 3861 ἔργον
3069 3778 3457 3860 Ἀφροδίσιον
3488 3776 3821 3859 (Antonin.
3858 3775 4129 3840 Liberal.
4158 3776 4547 3839 XXXVII.

2863 3895 2927 3945 et
2981 3882 3411 3946 XXXVIII.
3450 3904 3516 3968 p.
3551 3882 3695 3960 246.
3731 3882 3876 3964 256.
3935 3879 4253 3965 Verheyk.)
4303 3876 4548 3943 consul-

2865 3998 2997 4048 tum
3046 3983 3350 4062 videatur,
3402 3982 3758 4060 locutiones,
3797 4004 3942 4069 quae
3986 3982 4163 4064 ἔργον
4206 3980 4546 4045 solitarium

2863 4086 3116 4164 habent,
3140 4086 3487 4174 Ellipsibus
3508 4084 3798 4162 adscribi,
3819 4084 4103 4171 adeoque
4124 4083 4355 4148 Lamb.
4381 4083 4550 4148 Bosii

2865 4188 3025 4254 libro
3051 4189 3234 4278 adjici
3264 4188 3512 4254 debere.

3493 4377 3693 4441 LIB.
3748 4377 3907 4440 VII.

2950 4519 3014 4583 p.
3046 4510 3198 4581 595,
3229 4513 3293 4583 7.
3346 4501 3538 4560 ΠΕΡΙ
3601 4501 3919 4561 ΑΙΩΝΟΣ
3979 4499 4119 4557 KAI
4179 4497 4545 4584 XPONOT]

2867 4597 3110 4663 Eadem
3167 4598 3485 4687 inscriptio
3542 4599 3733 4686 hujus
3779 4597 3917 4662 libri
3975 4596 4435 4684 quadragesimi
4491 4614 4554 4663 et

2866 4700 3069 4790 quinti
3104 4696 3217 5107 ΒΞ
3245 4699 3475 4788 legitur
3518 4725 3618 4789 ap.
3670 4700 3984 4789 Porphyr.
4016 4699 4096 4763 de
4128 4699 4273 4764 Vita
4300 4699 4465 4765 Plot.
4495 4725 4550 4767 c.

2864 4823 2931 4890 5.
2961 4819 3023 4870 et
3058 4828 3115 4869 c.
3192 4826 3254 4886 4.
3302 4805 3412 4870 ubi
3454 4804 3618 4869 idem
3663 4827 3908 4869 causam
3956 4803 4236 4890 exponit,
4279 4825 4395 4867 cur
4435 4803 4553 4869 hoc

2864 4907 3143 4995 potissim
3194 4931 3254 4971 m
3297 4903 3644 4972 loco‘hunc
3690 4906 3917 4972 librum
3961 4905 4260 4994 posuerit,
4290 4905 4400 4992 qui
4436 4929 4551 4971 ex-

2868 5025 3095 5075 tremos
3182 5033 3360 5075 ovem
3418 5010 3735 5098 praecedit,
3786 5009 4105 5097 igiturque
4146 5007 4553 5096 quadragesi-

2869 5137 3011 5179 mus
3037 5138 3081 5200 q
3150 5127 3298 5178 ntus
3326 5114 3668 5178 secundum
3699 5113 3993 5200 temporis
4030 5110 4307 5175 ordinem
4341 5134 4558 5176 nume-

2871 5231 3067 5295 ratur,
3141 5240 3302 5304 eque
3331 5216 3508 5295 dum,
3549 5216 3764 5281 eodem
3800 5213 4015 5303 judice
4059 5212 4436 5301 PorphyriO,
4468 5213 4559 5278 in-

2870 5345 3021 5408 grav
3158 5321 3281 5387 ntis
3309 5321 3507 5386 aetatis
3536 5318 3793 5407 vestigia
3827 5319 4127 5404 impressa
4151 5316 4359 5380 habet.
4430 5320 4560 5381 Ar-

2869 5447 3023 5513 gum
3107 5440 3238 5490 tum
3292 5440 3502 5490 autem
3555 5421 3861 5511 ejusmodi
3910 5436 4024 5498 est,
4071 5432 4145 5483 ut
4196 5417 4309 5505 qui
4368 5418 4562 5506 hujus

2872 5527 3018 5593 doct
3077 5552 3173 5594 nae
3213 5528 3482 5616 origines
3525 5528 3606 5591 ab
3641 5525 3819 5589 initio
3862 5538 4136 5609 repetere
4165 5520 4470 5599 instituat,
4500 5523 4559 5586 ei

3032 5650 3051 5701 i

3142 5776 3229 5897 Kx
