5118 6613
1094 560 1215 624 118

1089 731 1346 797 Phaedr.
1377 753 1442 818 p.
1474 745 1614 816 235.
1647 744 1710 795 et
1739 727 1818 794 ad
1852 729 2085 818 Remp.
2116 753 2185 818 p.
2215 749 2367 816 443.
2400 746 2459 794 et
2492 752 2552 817 p.
2584 729 2736 815 548.

1171 859 1234 922 p.
1245 855 1392 921 343.
1412 836 1508 898 16.
1530 836 1598 897 έν
1619 835 1857 919 διεξόδῳ
1882 833 1979 897 καὶ
2001 833 2345 921 έπελεύσει]
2370 833 2630 897 Correxi
2650 856 2783 898 ver-

1086 939 1320 1003 sionem
1362 936 1590 1016 Ficini,
1621 935 1732 1024 qui
1771 935 2087 1021 ceteroqui
2122 934 2283 998 bene
2316 934 2578 1022 adjecit:
2617 958 2783 1023 gra-

1085 1044 1510 1127 datimsacta.
1556 1038 1865 1104 Herodot.
1893 1039 1987 1103 11.
2012 1056 2114 1118 24.
2148 1035 2408 1116 διέξοδος
2432 1039 2626 1116 ἡλίου,
2645 1060 2784 1102 cur-

1089 1167 1195 1208 sus
1224 1143 1390 1222 solis,
1417 1142 1525 1207 sed
1554 1141 1721 1207 idem
1750 1139 1970 1205 tralate
2002 1141 2145 1205 III.
2176 1143 2313 1225 156.
2348 1141 2506 1205 v11.
2545 1159 2692 1226 234.
2722 1144 2784 1205 αὶ

1089 1245 1338 1325 διέξοδοι
1365 1252 1482 1309 τῶν
1510 1243 1958 1324 βουλευμάτων,
1989 1241 2106 1306 viae
2134 1265 2205 1306 ac
2242 1242 2510 1306 rationes
2540 1242 2785 1306 consili-

1085 1370 1301 1413 orum:
1366 1347 1445 1412 cf.
1509 1345 1852 1432 Schweigb.
1917 1345 2079 1408 Lex.
2142 1343 2453 1409 Herodot.
2515 1367 2582 1432 p.
2645 1347 2780 1409 166.

1091 1454 1272 1537 Saepe
1328 1460 1538 1513 autem
1601 1463 1865 1533 usurpat
1924 1447 2157 1510 Noster
2212 1444 2331 1509 hoc
2386 1445 2782 1509 vocabulum.

1087 1551 1233 1615 vid.
1276 1551 1416 1615 111.
1453 1564 1508 1632 7.
1540 1569 1638 1613 10.
1691 1549 1828 1611 III.
1871 1549 1927 1612 8.
1965 1549 2024 1611 8.
2078 1548 2194 1612 1v.
2232 1567 2295 1633 3.
2332 1565 2425 1612 12.
2477 1548 2595 1611 1v.
2624 1570 2692 1628 4.
2728 1568 2779 1612 1.

1089 1655 1209 1719 IV.
1233 1676 1296 1735 4.
1334 1655 1391 1718 8.
1439 1653 1518 1717 V.
1541 1672 1605 1738 3.
1633 1669 1691 1735 7.
1745 1652 1886 1715 III.
1920 1669 1980 1734 7.
2008 1669 2105 1713 12.
2154 1650 2410 1729 διέξοδος
2438 1649 2640 1725 ἀΐδιος,
2669 1651 2780 1715 IV.

1082 1781 1148 1839 4.
1195 1773 1303 1843 35.
1362 1755 1619 1834 διέξοδος
1675 1757 1776 1834 τῆς
1830 1758 1990 1834 ζωῆς.
2055 1752 2162 1816 Cf.
2218 1751 2539 1818 Plutarch.
2606 1755 2780 1842 Sept.

1088 1861 1282 1947 Sapp.
1313 1857 1578 1923 Conviv.
1610 1879 1676 1944 p.
1707 1857 1847 1940 158.
1880 1856 1968 1919 D.
2013 1858 2151 1936 βίος
2190 1855 2452 1938 διαγωγή
2489 1882 2576 1923 τις
2614 1858 2782 1921 ἐστὶν

1082 1965 1393 2046 ἀνθρώπου
1424 1961 1694 2044 πράξεων
1731 1960 1959 2043 ἔχουσα
2001 1958 2297 2037 διέξοδονε
2346 1972 2409 2023 et
2446 1961 2588 2039 βίου
2627 1963 2775 2038 διεξ-

1082 2068 1312 2149 αγωγὴ,
1342 2065 1488 2129 vitae
1518 2063 1873 2140 transactio,
1908 2061 2188 2127 Hierocl.
2211 2084 2314 2149 ap.
2342 2062 2516 2126 Stob.
2539 2085 2601 2150 p.
2623 2083 2776 2145 414.

1081 2193 1177 2256 sq.
1227 2167 1500 2235 Consule
1531 2167 1864 2255 Wyttenb.
1892 2165 1972 2230 ad
2021 2164 2342 2230 Plutarchi
2379 2163 2486 2229 l.l.
2526 2190 2592 2253 p.
2627 2181 2777 2251 973.

1079 2272 1181 2336 ed.
1224 2273 1429 2337 Oxon.
1476 2271 1626 2335 min.
1669 2271 1780 2358 qui
1819 2268 1935 2334 ita:
1991 2277 2034 2307 “
2054 2268 2311 2348 διέξοδος
2352 2284 2446 2332 est
2487 2272 2781 2334 tractatio

1080 2378 1251 2453 vitae,
1281 2376 1570 2453 actionis,
1601 2374 1923 2439 doctrinae.
2013 2373 2135 2436 Est
2176 2370 2359 2436 etiam
2402 2374 2474 2435 in
2513 2374 2780 2438 docendo

1078 2480 1378 2543 continua
1426 2478 1687 2542 orati0.”
1775 2475 2039 2542 Proclus
2090 2474 2152 2539 in
2206 2474 2418 2539 Alcib.
2468 2475 2659 2562 prior.
2709 2500 2776 2564 p.

1081 2582 1232 2662 248.
1264 2604 1354 2668 sq.
1385 2580 1487 2645 ed.
1530 2593 1724 2645 nostr.
1771 2578 2065 2643 Francos.
2110 2578 2191 2642 de
2233 2578 2458 2643 animae
2500 2578 2771 2644 viribus:

1078 2684 1275 2748 -καὶ
1303 2682 1412 2762 τὴν
1440 2685 1784 2762 τελειότητα
1813 2683 2003 2746 αὐτῶν
2032 2682 2138 2745 οὐκ
2165 2682 2358 2745 οὖσαν
2387 2683 2628 2746 αἰώνων
2654 2681 2774 2746 οὐδ’

1079 2790 1228 2867 ὁμοῦ
1254 2792 1458 2851 πᾶσαν
1487 2788 1780 2859 ἑστῶσαν,
1814 2787 1977 2849 ἀλλὰ
2017 2787 2164 2849 κατὰ
2190 2786 2415 2869 χρόνον
2455 2788 2774 2850 ἀνελισσο-

1078 2888 1286 2968 μένην,
1334 2887 1431 2951 καὶ
1474 2889 1541 2951 ἐν
1584 2888 1862 2965 διεξόδοις
1902 2889 2324 2969 ὖφεοτηκυῖαν,
2373 2886 2481 2951 ubi
2523 2910 2670 2974 quae
2711 2888 2775 2952 in

1080 2988 1288 3053 anima
1312 2988 1527 3051 insunt
1563 2986 1919 3075 qualitates,
1950 3002 2178 3074 partes,
2209 2986 2392 3067 vires,
2421 3011 2547 3052 non
2587 2990 2781 3052 simul

1080 3102 1138 3157 et
1165 3099 1466 3156 momento
1494 3091 1813 3177 temporis,
1843 3090 1951 3154 sed
1979 3090 2268 3176 deinceps
2294 3100 2354 3154 et
2370 3112 2494 3177 per
2519 3092 2779 3179 gradus

1080 3219 1145 3260 se
1173 3193 1485 3283 explicare
1513 3192 1846 3267 dicuntur;
1894 3215 2081 3279 quem
2110 3192 2313 3257 locum
2346 3192 2446 3257 hic
2480 3193 2780 3259 adhiben-

1080 3298 1237 3365 dum
1266 3296 1500 3376 censui,
1529 3295 1679 3386 quia
1707 3295 1964 3377 διέξοδος
1991 3295 2079 3361 ibi
2106 3296 2186 3361 de
2226 3306 2497 3385 tempore
2525 3297 2777 3379 dicitur,

1079 3404 1174 3469 uti
1204 3418 1416 3468 nostro
1443 3401 1579 3467 loco
1607 3400 1687 3466 de
1715 3403 1942 3489 spatie.
2012 3400 2259 3465 Ibidem
2293 3400 2543 3465 laudavi
2574 3401 2778 3466 locum

1078 3505 1399 3572 classicum
1447 3503 1682 3569 Plotini
1721 3505 1870 3577 111.
1917 3504 1974 3567 8.
2025 3505 2088 3568 8.
2135 3526 2202 3591 p.
2246 3524 2398 3590 351.
2447 3506 2524 3569 A.
2580 3504 2780 3588 (unde

1080 3633 1247 3675 nunc
1277 3623 1597 3674 teneamus
1625 3606 1794 3672 haec:
1844 3611 1914 3688 τῇ
1937 3609 2174 3693 διεξόδῳ
2204 3608 2274 3671 οὗ
2303 3609 2596 3687 διεξιούσῃ
2616 3609 2782 3673 ἀλλὰ

1078 3717 1148 3795 τῇ
1189 3715 1627 3796 διεξελθούσῃ·)
1663 3724 1726 3774 et
1764 3709 2019 3798 insuper
2068 3709 2376 3774 Clement.
2408 3707 2591 3773 Alex.
2624 3712 2779 3775 Pro-

1082 3830 1269 3903 trept.
1303 3815 1421 3879 IV.
1454 3835 1555 3900 25.
1585 3827 1650 3876 et
1681 3811 2014 3876 Iamblichi
2046 3812 2368 3900 Protrept.
2398 3834 2463 3899 p.
2498 3814 2606 3897 96.

1166 3941 1233 4005 p.
1249 3921 1402 4003 346,
1419 3939 1472 3982 1.
1497 3919 1565 3982 τὸ
1587 3921 1652 3983 δὲ
1677 3922 1824 3983 κατὰ
1846 3922 1951 3986 τᾶς
1970 3923 2072 3998 τῆς
2093 3920 2293 4002 ὄψεως
2313 3920 2531 4001 γωνίας
2553 3945 2605 3981 κ.
2619 3918 2777 4007 τ.λ.]

1085 4020 1261 4085 Sicut
1290 4019 1662 4085 Aristoteles
1688 4020 1768 4084 de
1802 4023 1999 4085 Sensu
2035 4035 2099 4085 et
2140 4020 2360 4085 Sensili
2388 4045 2444 4084 c.
2478 4039 2538 4086 2.
2627 4018 2777 4085 Pla-

1083 4122 1245 4188 tonis
1295 4126 1678 4206 συναύγειαν,
1730 4124 1858 4188 sive
1905 4146 2274 4188 concursum
2327 4123 2645 4188 radiorum
2698 4147 2775 4188 ex

1079 4225 1277 4291 oculis
1305 4225 1667 4291 exeuntium
1705 4248 1847 4290 cum
1892 4224 2081 4289 radiis
2118 4224 2296 4303 lucis,
2327 4225 2603 4289 refutare
2641 4239 2777 4290 stu-

1082 4328 1209 4393 det.
1242 4329 1501 4411 (ἄλογον
1529 4330 1594 4393 δὲ
1623 4329 1777 4396 ὅλως
1803 4328 1871 4392 τὸ
1903 4329 2117 4408 ἐξιόντι
2145 4328 2260 4391 τινὶ
2295 4328 2403 4407 τὴν
2441 4329 2591 4411 ὄψιν
2629 4330 2778 4412 ὁρᾷν

1084 4435 1180 4499 καὶ
1218 4435 1637 4498 ἀποτείνεσθαι
1677 4431 1853 4516 μέχρι
1890 4437 2008 4496 τῶν
2046 4432 2281 4512 ἄστρων
2307 4428 2344 4510 ἢ
2381 4429 2578 4514 μέχρι·
2621 4431 2780 4499 τινὸς

1084 4539 1360 4615 ἐξιοῦσαν
1389 4538 1825 4620 συμφύεσθαι);
1875 4535 1963 4598 ita
1989 4533 2107 4597 hoc
2137 4531 2272 4597 loco
2314 4531 2602 4597 Plotinus
2630 4533 2779 4597 Ari-

1081 4638 1286 4704 stoteli
1314 4636 1569 4725 obloqui
1597 4636 1869 4701 videtur.
1961 4636 2137 4723 Lege
2164 4633 2353 4712 enim,
2385 4657 2531 4721 quae
2570 4635 2773 4723 Stagi-

1080 4742 1202 4806 rita
1244 4740 1324 4804 de
1366 4739 1633 4827 anguliS,
1673 4741 1935 4822 γωνίαις,
1973 4753 2038 4803 et
2077 4759 2295 4802 eorum
2324 4736 2387 4799 vi
2429 4736 2493 4800 in
2524 4737 2775 4802 videndi

1081 4842 1320 4907 actione
1348 4841 1629 4929 disputat
1658 4841 2039 4906 Problemm.
2071 4841 2224 4905 XV.
2251 4838 2593 4927 praesertim
2626 4843 2684 4925 ξ.
2707 4861 2773 4926 5,

1079 4964 1143 5014 et
1176 4949 1389 5013 confer
1431 4945 1789 5011 Schneideri
1828 4943 2420 5010 Animadversiones
2448 4944 2778 5009 vernacula

1078 5050 1338 5138 scriptas
1380 5048 1444 5112 in
1488 5048 1760 5135 Eclogas
1804 5047 2106 5135 Physicas
2147 5069 2210 5132 p.
2254 5044 2401 5112 208.
2451 5044 2564 5126 (cf.
2600 5048 2775 5130 206.)

1080 5171 1144 5220 et
1174 5178 1236 5243 p.
1274 5169 1418 5235 217.
1452 5174 1548 5237 eq.

1164 5295 1253 5307 —
1277 5277 1340 5341 9.
1389 5257 1443 5319 εἷ
1471 5256 1536 5318 δὲ
1565 5253 1636 5333 δὴ
1665 5254 1762 5317 καὶ
1789 5253 1887 5317 ἐπὶ
1914 5256 2020 5317 τοῦ
2047 5252 2302 5334 οὐρανοῦ
2329 5252 2568 5336 θεωροῖ]
2621 5253 2778 5317 Haec

1077 5360 1416 5425 admonent
1457 5356 1788 5422 commenti
1836 5354 2215 5420 Democritei
2258 5354 2338 5420 de
2380 5354 2642 5419 formica
2678 5355 2777 5420 vel

1077 5461 1140 5527 in
1172 5462 1329 5528 coelo
1358 5460 1536 5526 nobis
1564 5457 1917 5545 conspicua,
1939 5455 2112 5545 quod
2147 5457 2376 5522 refutat
2407 5456 2779 5523 Aristoteles

1074 5567 1157 5633 de
1187 5564 1413 5629 Anima
1443 5564 1544 5631 II.
1575 5580 1637 5646 7.
1665 5561 1738 5627 οὗ
1765 5563 1882 5644 γὰρ
1923 5566 2115 5629 καλῶς
2150 5565 2322 5627 τοῦτο
2360 5561 2533 5644 λέγει
2573 5563 2774 5642 Δημό-

2062 555 2889 622 ANNOTATIONES
2958 556 3070 622 IN
3140 553 3589 621 PLOTINI

2871 755 3062 812 κριτος
3105 731 3392 809 οἰόμενος,
3436 731 3489 793 εἰ
3526 728 3763 812 γένοιτο
3803 728 3978 792 κενὸν
4015 727 4083 792 τὸ
4119 728 4358 808 μεταξὺ,
4391 731 4568 811 ὁρᾶσ-

2870 837 2970 897 θαι
2999 835 3273 915 ἀκριβῶς,
3308 833 3405 896 καὶ
3428 834 3482 896 εἰ
3506 832 3732 914 μύρμηξ
3762 833 3830 895 ἐν
3857 835 3938 916 τῷ
3978 832 4207 916 οὐρανῷ
4238 834 4346 912 εἴη.
4395 837 4564 897 τοῦτο

2867 934 2984 1017 γάρ
3014 938 3179 1000 ἐστιν
3214 937 3506 999 ἀδύνατον
3537 962 3590 998 κ.
3610 960 3664 998 τ.
3689 942 3757 998 λ.
3847 933 4140 998 Formica
4176 934 4260 999 ob
4303 935 4568 1022 parvita-

2870 1051 2992 1100 tem
3047 1035 3109 1100 in
3165 1036 3566 1124 proverbium
3616 1053 3898 1101 cesserat.
3990 1037 4310 1101 Lucianus
4360 1037 4559 1125 Epist.

2870 1138 3207 1203 Saturnall.
3244 1160 3340 1224 19.
3387 1162 3455 1226 p.
3486 1160 3633 1217 401.
3673 1162 3768 1226 sq.
3814 1138 3911 1203 ed.
3947 1140 4211 1203 Wetst.:
4261 1143 4340 1208 ὥς
4366 1143 4430 1206 δὲ
4461 1147 4564 1206 νῦν

2868 1244 3108 1326 ἔχομεν,
3138 1246 3364 1325 μύρμηξ
3393 1241 3429 1322 ἢ
3471 1243 3750 1323 κάμηλος.
3784 1244 3860 1309 ὣς
3887 1244 3924 1322 ἡ
3951 1245 4237 1324 παροιμία
4265 1247 4424 1327 φησί
4447 1244 4562 1309 i.e.

2867 1346 2948 1411 de
2985 1345 3171 1411 rebus
3209 1346 3479 1410 maxime
3516 1344 3949 1432 inaequalibus,
3981 1345 4091 1410 ubi
4134 1361 4319 1410 antea
4359 1347 4564 1434 priore

2868 1449 3051 1513 etiam
3099 1448 3232 1512 loco
3269 1470 3593 1536 perperam
3641 1447 3964 1535 legebatur
3991 1449 4045 1528 ἦ.
4137 1449 4329 1513 Unde
4368 1452 4561 1515 Eras-

2869 1574 3009 1615 mus
3039 1551 3101 1614 in
3130 1550 3378 1639 Adagg.
3409 1550 3472 1614 in
3476 1553 3770 1636 formica
3798 1553 4069 1616 camelus
4097 1575 4162 1640 p.
4189 1553 4331 1635 187.
4359 1553 4563 1619 minus

2869 1669 3034 1719 recte
3072 1655 3358 1743 explicat.
3446 1655 3646 1719 Jensii
3685 1654 4177 1720 emendationem
4217 1656 4563 1723 conformat

2870 1759 3198 1840 Συναγωγὴ
3251 1764 3380 1837 λεξ.
3440 1783 3619 1841 χρησ.
3673 1760 3739 1822 έκ
3792 1764 3909 1822 τῶν
3959 1764 4065 1823 τοῦ
4107 1763 4441 1824 Λουκιανοῦ
4497 1760 4558 1825 in

2869 1858 3253 1925 Bachmanni
3283 1860 3778 1925 Anecdott.Grr.
3815 1862 3913 1925 11.
3947 1884 4013 1948 p.
4035 1862 4189 1947 346.
4245 1862 4347 1927 De
4378 1863 4558 1944 καμή-

2864 1971 2953 2049 λῳ
2984 1962 3432 2049 magnitudinis
3460 1978 3688 2027 tessera
3715 1963 3843 2028 vid.
3876 1962 4168 2052 interprr.
4201 1964 4282 2029 ad
4308 1967 4559 2055 Evang.

2867 2067 3069 2130 Marc.
3106 2067 3197 2130 X.
3236 2083 3336 2150 25.
3368 2081 3432 2130 et
3464 2067 3625 2131 Luc.
3662 2067 3940 2132 XVIII.
3979 2087 4081 2155 25.
4111 2068 4175 2132 in
4212 2067 4310 2133 his
4343 2068 4560 2135 Valck-

2865 2192 3066 2233 enaer.
3098 2168 3163 2232 in
3193 2168 3443 2234 Scholio
3476 2170 3533 2233 I.
3559 2191 3622 2256 p.
3660 2187 3801 2256 243.
3834 2193 3925 2256 sq.

3512 2343 3713 2407 LIB.
3771 2343 3905 2407 IX.

2953 2480 3029 2542 P.
3048 2477 3199 2564 358,
3219 2494 3276 2560 7.
3300 2484 3519 2543 ΠΡΟΣ
3547 2484 3764 2543 ΤΟΎΣ
3795 2483 4374 2568 ΓΝΩΣΤῙΚΟΤΣ]
4413 2484 4556 2548 Non

2863 2578 3052 2645 modo
3081 2579 3208 2643 h.l.
3242 2580 3483 2644 variant
3512 2578 3653 2644 libri
3686 2582 3885 2645 MSS.
3918 2580 4024 2644 sed
4066 2581 4250 2645 etiam
4290 2582 4357 2647 in
4398 2587 4556 2649 Por-

2863 2680 3072 2769 phyrii
3104 2682 3250 2746 Vita
3281 2681 3535 2761 Plotini,
3560 2681 3666 2745 ubi
3697 2680 3889 2769 hujus
3914 2680 4054 2746 libri
4084 2684 4337 2764 mentio,
4369 2685 4559 2774 idque

2862 2784 3151 2872 pluribus
3193 2782 3363 2860 locis,
3407 2808 3543 2872 cap.
3585 2802 3651 2872 5,
3694 2808 3829 2872 cap.
3874 2805 3972 2870 15,
4017 2808 4152 2873 cap.
4199 2806 4302 2869 24,
4347 2804 4411 2853 et
4452 2789 4559 2855 illo

2861 2887 3117 2975 quidem
3146 2886 3284 2952 loco
3311 2887 3503 2952 editio
3532 2887 3721 2952 Basil.
3749 2903 3812 2952 et
3839 2888 4024 2952 ceteri
4057 2889 4264 2955 Codd.
4287 2891 4554 2958 habent:

2861 2990 3007 3073 πρὸς
3034 2990 3168 3058 τοὺς
3197 2989 3376 3054 κακὸν
3404 2990 3511 3055 τὸν
3538 2990 3890 3073 δημιουργὸν
3919 2996 4024 3055 τοῦ
4067 2994 4290 3074 κόσμου
4330 2996 4426 3060 καὶ
4454 2996 4560 3061 τὸν

2867 3096 3091 3173 κόσμον
3145 3092 3297 3158 εἶναι
3345 3092 3671 3175 λέγονταςε
3741 3092 3872 3158 bini
3916 3109 4124 3158 autem
4178 3093 4353 3161 libri:
4416 3100 4561 3182 πρὸς

2865 3196 2998 3264 τοὺς
3052 3197 3373 3278 γνωστούς.
3464 3195 3757 3282 Denique
3814 3197 3880 3260 in
3931 3196 4207 3262 indiculo
4255 3197 4557 3266 librorum

2866 3298 3385 3378 Plotinianorum,
3430 3323 3619 3387 quem
3663 3300 3746 3366 ad
3794 3299 4024 3367 calcem
4064 3301 4229 3367 illius
4278 3305 4424 3370 vitoe
4460 3328 4556 3369 re-

2864 3415 3089 3490 petunt
3114 3402 3318 3468 Codd.
3345 3405 3581 3468 Marce.
3609 3405 3688 3468 A.
3709 3406 3785 3469 B.
3809 3408 3907 3484 C.‚
3931 3407 4076 3488 πρὸς
4105 3407 4239 3474 τοὺς
4259 3409 4561 3490 ymas-0322·

2865 3506 3052 3571 habet
3083 3508 3184 3582 A.,
3214 3507 3349 3588 περὶ
3374 3506 3506 3574 τοὺς
3532 3508 3911 3589 γνωστικοὺς,
3944 3509 4048 3586 Β.,
4078 3508 4226 3591 πρὸς
4251 3510 4386 3578 τοὺς
4412 3537 4562 3594 yvo-

2866 3609 3116 3682 στικοὺς,
3180 3609 3258 3672 C.
3365 3607 3640 3672 Primam
3699 3609 4023 3674 lectionem
4084 3610 4255 3697 quod
4314 3612 4557 3692 attinet,

2864 3733 3069 3790 nemo,
3098 3710 3344 3797 opinor,
3378 3732 3590 3798 reapse
3619 3712 3920 3794 γνωστοὺς
3945 3712 4006 3775 h.
4029 3710 4072 3776 l.
4094 3713 4415 3800 cogitabit,
4440 3715 4479 3780 i.
4502 3738 4557 3780 e.

2864 3815 3100 3895 φιλους,
3160 3814 3415 3891 amicos,
3445 3814 3850 3899 familiares,
3913 3814 4122 3896 (Suid.
4187 3817 4244 3880 Ι.
4295 3839 4360 3904 p.
4408 3820 4555 3902 489.

2868 3916 3157 4001 Kuster.)
3189 3938 3302 3980 nec
3331 3916 3530 4003 magis
3559 3917 3824 3981 tentabit
3846 3920 4136 4001 γνόστας,
4160 3918 4202 3983 i.
4223 3942 4279 3983 e.
4298 3920 4556 4001 μάντεις,

2863 4021 3117 4099 ανὶοῑοε,
3150 4030 3324 4085 ναίω
3357 4018 3543 4102 (Biel.
3578 4019 3774 4085 Thes.
3805 4021 3948 4085 Vet.
3980 4024 4066 4086 Τ.
4101 4022 4160 4086 I.
4204 4046 4271 4111 p.
4298 4044 4446 4110 335.
4478 4025 4557 4090 cf.

2867 4122 3177 4187 Scholion.
3227 4122 3426 4187 Paris.
3480 4146 3581 4211 ap.
3640 4123 4004 4188 Boissonad.
4065 4123 4127 4188 in
4178 4127 4436 4215 Eunap.
4495 4152 4556 4215 p.

2863 4229 3074 4311 445.):
3122 4224 3231 4289 sed
3272 4224 3483 4312 potius
3525 4225 3883 4313 persuaderi
3928 4226 4046 4291 sibi
4089 4230 4363 4315 patietur
4399 4257 4559 4314 γνω-

2866 4329 3061 4408 στοὺς,
3091 4329 3183 4393 uti
3228 4329 3565 4392 sexcenties
3601 4330 3698 4408 fit,
3729 4353 3806 4393 ex
3855 4330 4039 4395 unica
4075 4332 4300 4397 omissa
4337 4331 4559 4400 lineola

2869 4431 3228 4515 (γνωστῶῖ)
3251 4430 3535 4518 adeoque
3556 4431 3716 4496 male
3736 4431 4046 4521 explicato
4065 4434 4373 4500 scribendi
4396 4460 4560 4501 com-

2864 4530 3093 4620 pendio
3121 4533 3299 4597 nobis
3325 4533 3650 4599 obtrusum
3683 4558 3813 4599 esse
3843 4558 3959 4623 pro
3985 4560 4285 4624 germano
4312 4565 4560 4620 γνωστι-

2863 4637 3016 4703 κούς.
3109 4635 3323 4724 Magis
3350 4659 3463 4700 nos
3500 4636 3823 4703 advertere
3858 4638 4064 4718 debet,
4096 4638 4270 4727 quod
4309 4640 4374 4705 in
4414 4641 4552 4706 cod.

2863 4740 3068 4804 Marc.
3116 4741 3333 4805 Venet.
3383 4743 3470 4805 A.
3522 4743 3886 4807 Monacensi
3940 4745 4019 4808 C.
4081 4766 4274 4830 supra
4330 4742 4555 4810 lineam

2861 4841 3092 4930 legitur
3132 4845 3224 4909 ὅτι
3268 4846 3527 4928 γνωστοὶ
3564 4844 3713 4932 (leg.
3746 4847 4091 4929 γνωστικοὶ)
4137 4846 4420 4930 λέγονται
4463 4849 4559 4912 καὶ

2864 4948 2922 5010 οἱ
2968 4949 3336 5029 Χριστιανοί,
3395 4947 3737 5035 praesertim
3787 4948 3893 5013 ubi
3937 4949 4200 5037 primam
4256 4952 4554 5033 γνώσεως,

2865 5062 3161 5136 tanquam
3181 5072 3348 5115 verae
3361 5052 3821 5141 intellig-eutice,
3837 5051 3962 5116 vim
3983 5068 4370 5139 reputamus,
4390 5054 4558 5118 unde

2864 5152 3149 5218 universe
3192 5155 3517 5237 γνωστικὸς
3556 5154 3904 5242 explicatur
3931 5158 3964 5218 ὁ
3993 5160 4065 5235 τῇ
4110 5157 4360 5242 ἀληθείᾳ
4394 5183 4560 5239 ποιη-

2864 5256 2986 5322 θεὶς
3022 5255 3250 5324 τέλειος
3289 5258 3551 5339 (Zonar.
3581 5258 3745 5321 Lex.
3780 5258 3899 5321 Gr.
3930 5280 3993 5343 p.
4022 5262 4208 5344 443.)
4240 5281 4367 5345 qua
4413 5282 4556 5325 sen·

2865 5356 3059 5421 tentia
3088 5356 3379 5423 Clemens
3408 5358 3879 5423 Alexandrinus
3917 5361 4164 5445 quoties
4201 5363 4562 5444 γνωστικοὺς

2863 5474 3146 5548 usurpet,
3193 5484 3376 5526 nemo
3417 5475 3534 5540 est,
3579 5462 3692 5548 qui
3740 5461 3992 5526 nesciat.
4081 5464 4172 5527 Et
4223 5464 4401 5529 fuere
4443 5466 4560 5530 viri

2861 5562 3054 5642 docti,
3078 5562 3189 5650 qui
3219 5578 3282 5628 et
3310 5563 3456 5630 alibi
3488 5578 3551 5629 et
3579 5563 3699 5630 hoc
3725 5563 3887 5632 libro
3908 5566 4313 5633 Christianos
4340 5591 4380 5633 a
4405 5571 4557 5635 Plo-
