5118 6613
1109 546 1234 594 212

2075 525 2920 592 ANNOTATIONES
2986 526 3100 591 IN
3171 525 3629 591 PLOTINI

1105 725 1203 785 γει
1233 701 1267 764 6
1296 697 1538 779 ποιητής
1566 721 1713 763 ποτε
1743 695 1913 780 κάρα.
1994 700 2244 764 Tamen
2272 697 2425 764 dicit
2449 697 2514 762 in
2549 700 2620 762 Η
2622 719 2817 785 ymno
2901 704 3115 763 πασῶν
3159 701 3225 763 δὲ
3274 699 3425 762 ὀκτὼ
3482 698 3681 764 οὐσῶν
3720 698 3866 778 μίαν
3909 700 4200 781 ἁρμονίαν
4244 705 4600 784 ξυμφωνεῖν.

1104 802 1169 867 in
1215 804 1428 868 Cerer.
1476 824 1534 863 v.
1567 818 1668 879 12,
1698 800 1806 865 sed
1851 798 2083 888 plurali
2125 823 2432 876 numero;
2477 814 2671 887 atque
2713 822 2816 864 ca-
2902 802 3005 865 De
3035 799 3359 866 Sirenibus
3385 799 3559 888 apud
3586 799 3836 866 Inferos
3851 802 4310 889 comparandus
4326 817 4422 868 est
4448 804 4604 870 alter

1101 907 1247 993 pita
1274 904 1461 971 etiam
1487 902 1553 968 in
1585 901 1839 968 Plotino
1868 902 2148 991 accipere
2176 926 2388 991 queas.
2465 902 2691 967 Potius
2719 916 2811 967 ta-

1102 1030 1250 1072 men
1277 1004 1644 1072 crediderim
1676 1027 1822 1070 eum
1853 1004 2139 1071 Atticam
2166 1006 2433 1072 formam
2463 1028 2596 1070 esse
2631 1028 2810 1070 secu-

1103 1125 1258 1178 tum.
1327 1108 1489 1174 Vide
1518 1107 1825 1197 Apollon.
1856 1108 2012 1173 Lex.
2047 1109 2243 1175 Hom.
2277 1108 2340 1173 in
2380 1108 2525 1191 κάρη
2552 1131 2621 1194 p.
2649 1108 2801 1194 383.

1103 1212 1322 1279 Tollii.

1187 1339 1251 1404 p.
1285 1333 1434 1399 707,
1466 1334 1530 1399 9.
1577 1312 1725 1381 Ζεὺς
1771 1315 1839 1377 δὲ
1886 1313 2079 1395 πατὴρ
2131 1312 2386 1393 ἐλεήσας
2428 1312 2801 1394 πονουμένας

1103 1421 1289 1498 θνητὰ
1343 1417 1536 1481 αὐτῶν
1578 1418 1655 1479 τὰ
1702 1414 1895 1494 δέσμα
1950 1422 2139 1480 ποιῶν
2180 1416 2316 1498 περὶ
2364 1413 2405 1479 ἃ
2447 1415 2800 1503 πονοῦνται]

1103 1519 1370 1585 Initium
1392 1517 1585 1606 hujus
1604 1515 1845 1605 periodi
1870 1516 2266 1582 Platonicum
2295 1516 2564 1582 colorem
2594 1515 2803 1581 habet.

1104 1623 1397 1710 Sympos.
1443 1643 1509 1708 p.
1566 1639 1710 1704 191.
1738 1641 1806 1706 p.
1836 1635 1990 1704 405.
2023 1618 2267 1683 Bekk.:
2313 1617 2615 1698 Ἐλεήσας
2658 1620 2721 1682 δὲ
2768 1620 2802 1682 ὁ

1101 1724 1252 1792 Ζεὺς
1278 1725 1476 1803 ἄλλην
1501 1721 1776 1806 μηχανὴν
1803 1723 2121 1803 πορίζεται.
2196 1720 2384 1800 Quod
2415 1734 2628 1784 autem
2656 1721 2806 1788 Ζεὺς

1098 1830 1292 1911 πατὴρ
1321 1826 1552 1892 dicitur
1579 1824 1700 1890 hoc
1728 1825 1898 1889 loco:
1948 1823 2218 1889 tenenda
2251 1837 2398 1889 sunt
2426 1822 2565 1889 haec
2594 1822 2801 1889 Procli

1097 1930 1163 1995 in
1196 1927 1478 1995 Platonis
1508 1926 1839 2013 Cratylum
1874 1930 1932 2012 ξ.
1972 1947 2113 2012 149.
2149 1948 2208 2013 p.
2241 1945 2347 2010 90.
2383 1925 2798 1992 Boisson.—:

1101 2035 1197 2098 καὶ
1224 2031 1445 2114 πατρὸς
1474 2031 1633 2115 ἔχων
1667 2032 1859 2112 λόγον
1894 2031 1928 2093 6
1973 2031 2140 2102 Ζεὺς,
2179 2028 2245 2097 ὃς
2287 2029 2357 2109 δὴ
2396 2032 2493 2094 διὰ
2521 2028 2630 2108 τὴν
2656 2027 2803 2110 πρὸς

1098 2135 1205 2200 τὸν
1231 2136 1383 2200 ὅλον
1430 2131 1845 2214 δημιουργικὸν
1879 2136 2023 2197 νοῦν
2053 2132 2272 2196 ἕνωσιν
2300 2136 2402 2211 τῆς
2435 2132 2613 2210 offis
2656 2133 2804 2194 ἐπω-

1098 2241 1304 2319 νυμίας
1341 2237 1689 2322 τυχὸν-εῐ
1733 2235 1791 2317 ξ.
1830 2251 1972 2320 151.
2015 2257 2080 2322 p.
2115 2252 2245 2319 92:
2292 2235 2530 2300 Οὐκοῦν
2576 2237 2609 2298 ὁ
2657 2235 2807 2303 Ζεὺς

1099 2341 1468 2423 ἐπιτροπεύει
1497 2339 1605 2419 τὴν
1632 2337 1784 2417 ζωὴν
1813 2343 1932 2401 τῶν
1958 2336 2075 2418 πρὸ
2107 2340 2209 2417 τῆς
2235 2336 2535 2418 γενέσεως
2562 2343 2802 2421 ψυχῶν.

1096 2442 1269 2506 Fons
1297 2456 1507 2507 autem
1540 2440 1732 2527 hujus
1759 2439 1877 2504 loci
1909 2438 2248 2504 Plotiniani
2276 2439 2358 2504 de
2385 2439 2804 2504 misericordia

1094 2556 1158 2606 et
1186 2540 1463 2621 lenitate,
1491 2540 1573 2605 de
1614 2539 1840 2605 laxatis
1883 2538 2238 2604 animorum
2272 2538 2533 2604 vinculis
2562 2553 2677 2604 cet.
2709 2553 2804 2604 est

1093 2644 1158 2708 in
1191 2643 1289 2708 his
1321 2642 1472 2708 locis
1511 2641 1831 2707 Platonis:
1879 2641 1945 2706 in
1994 2641 2256 2730 Cratylo
2298 2664 2363 2730 p.
2395 2662 2547 2728 403.
2582 2642 2800 2728 (quem

1092 2745 1345 2834 respicit
1385 2744 1572 2809 etiam
1619 2743 1999 2809 Plutarchus
2042 2743 2122 2810 de
2170 2744 2322 2809 Isid.
2357 2758 2420 2809 et
2466 2743 2700 2809 Osirid.
2730 2767 2794 2830 p.

1092 2849 1244 2934 362.
1293 2870 1359 2934 p.
1387 2847 1539 2931 485.
1581 2869 1676 2932 sq.
1715 2847 2051 2933 Wyttenb.
2103 2846 2380 2933 itemque
2425 2845 2691 2911 Proclus
2733 2846 2798 2909 in

1096 2948 1350 3013 Platon.
1404 2947 1719 3035 Theolog.
1767 2949 1847 3012 V.
1890 2968 1955 3034 3.
2009 2971 2071 3034 p.
2108 2965 2253 3034 253.
2307 2963 2371 3012 et
2415 2951 2535 3014 VI.
2586 2969 2684 3012 11.
2733 2971 2795 3035 p.

1092 3053 1276 3137 371.)
1306 3050 1372 3114 in
1414 3051 1665 3115 Timoeo
1702 3073 1768 3138 p.
1796 3069 1903 3131 44.
1937 3073 2001 3137 p.
2034 3052 2143 3131 48.
2190 3073 2326 3138 sqq.
2374 3049 2577 3115 Bekk.
2623 3067 2687 3115 et
2730 3051 2794 3115 in

1096 3151 1421 3218 Phaedone
1448 3175 1516 3240 p.
1549 3155 1654 3218 82.
1684 3175 1781 3239 sq.
1809 3174 1880 3239 p.
1909 3171 2017 3237 54.
2043 3175 2181 3238 sqq.
2217 3151 2422 3217 Bekk.
2487 3153 2792 3218 Nostrum

1091 3255 1300 3322 locum
1329 3255 1548 3322 laudat
1578 3255 1987 3345 Augustinus
2014 3255 2095 3321 de
2127 3256 2269 3322 Civ.
2294 3256 2415 3321 Dei
2441 3257 2649 3321 VIII.
2685 3276 2787 3322 10:

1093 3370 1138 3403 “
1171 3363 1461 3428 Plotinus
1487 3378 1653 3428 certe
1684 3376 1913 3427 nostrae
1941 3362 2258 3427 memoriae
2285 3362 2524 3426 vicinus
2554 3376 2791 3447 tempo-

1089 3465 1267 3532 ribus
1315 3465 1644 3531 Platonem
1698 3465 1919 3531 ceteris
1960 3464 2363 3531 excellentius
2419 3463 2794 3529 intellexisse

1088 3568 1404 3634 laudatur.
1497 3569 1567 3632 Is
1622 3590 1766 3632 cum
1822 3567 1903 3632 de
1949 3567 2236 3631 humanis
2278 3566 2499 3630 animis
2540 3580 2787 3652 ageret:

1091 3679 1111 3711 ⁶
1144 3673 1378 3752 Pater,'
1404 3670 1634 3757 inquit,
1670 3678 1689 3710 ‘
1707 3670 2072 3750 misericors,
2092 3669 2377 3734 mortalia
2392 3667 2512 3733 illis
2539 3668 2794 3733 vincula

1085 3773 1394 3839 faciebat.'
1483 3773 1589 3838 Ita
1647 3772 1764 3837 hoc
1805 3772 2036 3860 ipsum,
2083 3773 2255 3860 quod
2311 3771 2602 3836 mortales
2645 3787 2793 3837 sunt

1087 3874 1370 3940 homines
1425 3897 1706 3961 corpore,
1755 3873 1839 3937 ad
1891 3868 2369 3938 misericordiam
2423 3872 2547 3936 Dei
2596 3873 2793 3960 patris

1085 3977 1398 4064 pertinere
1439 3975 1779 4040 arbitratus
1822 3988 1937 4052 est,
1983 3997 2063 4039 ne
2113 3998 2358 4062 semper
2408 3975 2599 4061 hujus
2643 3975 2790 4039 vitoe

1086 4078 1332 4142 miseria
1389 4092 1742 4142 teneantur.
1803 4077 1963 4140 cet.”
2082 4077 2383 4141 Ceterum
2441 4076 2525 4140 ad
2583 4090 2784 4141 totum

1083 4176 1255 4242 hunc
1282 4177 1491 4242 locum
1520 4176 1602 4240 de
1630 4174 1978 4239 animarum
2009 4174 2191 4262 lapsu
2234 4189 2299 4241 et
2339 4176 2641 4242 descensu
2672 4178 2786 4242 ad-

1085 4279 1233 4344 hibe
1277 4275 1731 4367 Wyttenbach.
1776 4275 1860 4341 ad
1906 4275 2232 4340 Plutarch.
2279 4276 2361 4341 de
2407 4280 2474 4342 S.
2503 4279 2588 4342 N.
2613 4279 2692 4343 V.
2721 4300 2783 4364 p.

1091 4402 1235 4468 113.
1267 4406 1329 4468 p.
1363 4402 1515 4464 444.
1549 4403 1647 4468 sq.
1677 4378 1780 4445 ed.
1813 4383 2020 4444 Oxou.
2059 4378 2150 4461 (in
2182 4402 2312 4466 qua
2344 4378 2611 4466 repetita
2653 4379 2786 4444 edi-

1081 4485 1253 4550 tione
1281 4484 1378 4548 vir
1404 4481 1953 4571 praestantissimus
1979 4481 2166 4546 etiam
2198 4481 2391 4570 hujus
2419 4482 2536 4547 loci
2583 4481 2784 4546 Ploti-

1082 4586 1250 4651 niani
1279 4585 1655 4651 mentionem
1687 4584 1889 4669 facit).

1167 4711 1236 4776 p.
1269 4689 1417 4773 708,
1446 4706 1508 4773 3.
1556 4686 1652 4751 καὶ
1696 4689 1840 4766 μίαν
1883 4689 2240 4769 συμφωνίαν
2282 4686 2430 4768 πρὸς
2472 4688 2582 4765 τὴν
2625 4711 2786 4766 περι-

1079 4793 1277 4873 φορὰν
1297 4788 1687 4868 ποιουμένων,
1710 4787 1806 4852 καὶ
1828 4788 1957 4852 οῖον
1975 4790 2119 4867 μίαν
2135 4792 2270 4853 τινὰ
2292 4788 2499 4870 φωνὴν
2518 4789 2786 4868 ἐμμελῶς

1079 4892 1353 4981 ἀφιέναι]
1400 4888 1625 4956 Delevi
1653 4912 1799 4955 cum
1840 4889 2060 4954 Ficino
2091 4891 2198 4955 οὒκ
2226 4904 2372 4954 ante
2404 4891 2687 4968 ἐμμελῶς,
2720 4903 2784 4953 et

1074 4993 1139 5058 in
1199 4991 1607 5080 sequentibus
1652 5013 1910 5078 quoque
1951 4990 2257 5055 nonnulla
2298 4989 2556 5055 correxi.
2635 4989 2779 5054 Vid.

1076 5097 1225 5161 Var.
1256 5096 1435 5161 Lect.
1482 5094 1648 5158 Ante
1667 5092 1881 5158 oculos
1903 5107 2115 5157 autem
2139 5092 2331 5157 habet
2364 5091 2645 5156 Platonis
2672 5090 2780 5155 illa

1071 5199 1137 5262 in
1167 5197 1411 5262 decimo
1439 5195 1600 5260 libro
1628 5194 1709 5260 de
1744 5195 2022 5282 Republ.
2052 5217 2124 5282 p.
2156 5194 2306 5258 616.
2338 5217 2432 5281 sq.
2464 5217 2530 5281 p.
2558 5196 2777 5278 506-

2899 903 3073 968 locus
3099 903 3164 968 in
3198 901 3462 990 Cratylo
3504 926 3573 991 p.
3603 922 3756 990 403.
3786 903 3849 968 d.
3941 904 4141 970 Plura
4180 904 4262 971 de
4290 904 4390 971 his
4416 906 4597 972 fabu-

2897 1006 2973 1071 lis
3000 1020 3066 1072 et
3093 1006 3337 1071 tesseris
3371 1005 3693 1094 disputavi
3727 1005 3793 1072 in
3839 1009 4224 1075 Commentt.
4254 1008 4596 1074 Herodott.

2894 1130 2960 1196 p.
2991 1127 3141 1195 311.
3175 1123 3239 1175 et
3265 1131 3334 1196 p.
3366 1124 3518 1195 347.
3548 1131 3689 1197 sqq.

2977 1234 3044 1298 p.
3077 1227 3225 1297 709,
3262 1231 3317 1275 1.
3347 1211 3437 1276 Τὸ
3461 1214 3580 1296 γὰρ
3609 1213 4066 1294 ἆναπόδραστον
4083 1212 4179 1277 καὶ
4206 1213 4244 1293 ἦ
4273 1214 4403 1294 δίκη
4419 1217 4597 1282 οὕτως

2891 1318 2960 1381 ἐν
3006 1316 3191 1397 φύσει
3221 1315 3565 1400 reparatio-17]
3632 1316 3842 1400 Supra
3866 1337 3928 1401 p.
3964 1315 4112 1396 264.
4144 1315 4241 1379 E:
4278 1313 4476 1382 Ὅθεν
4505 1318 4598 1381 καὶ

2890 1420 3025 1484 θεία
3063 1417 3229 1501 φήμη
3256 1416 3635 1500 Ἀδράστεια,
3668 1421 3814 1499 αὕτη
3855 1421 3973 1500 γὰρ
4005 1420 4043 1498 ἦ
4081 1418 4356 1498 διάταξις,
4384 1419 4595 1502 Ἀδρά-

2888 1547 3061 1586 στεια
3099 1523 3285 1588 ὄντως
3319 1521 3415 1585 καὶ
3457 1523 3642 1589 ὅντως
3688 1523 3860 1600 Δίκη.
3907 1521 3990 1587 ef.
4022 1543 4089 1609 p.
4124 1521 4271 1603 284.
4308 1524 4389 1587 F.
4414 1525 4499 1589 G.
4533 1539 4594 1588 et

2886 1646 2952 1711 p.
2973 1625 3123 1711 389.
3155 1624 3234 1688 Β.
3262 1622 4004 1705 ἰιιίταε--ἆναπόδραστος
4049 1627 4167 1708 γὰρ
4217 1627 4251 1689 6
4297 1630 4456 1694 θεῖος
4495 1628 4590 1691 νό-

2889 1752 3020 1806 μος.
3113 1725 3219 1789 Ad
3264 1748 3424 1812 quos
3466 1724 3634 1791 locos
3676 1724 3957 1804 consule,
3997 1748 4146 1812 quae
4187 1727 4593 1814 apposuimus

2888 1829 2953 1893 in
2983 1842 3227 1895 annott.

2973 1968 3058 1980 —
3091 1953 3150 2018 9.
3183 1933 3314 1996 οἶον
3357 1929 3644 2011 δυνάμεσι
3684 1931 3924 2019 μάγων]
3975 1931 4079 1996 Cf.
4111 1933 4215 1996 11.
4243 1953 4306 2016 9.
4343 1952 4440 2015 14.
4470 1935 4583 1998 IV.

2887 2054 2952 2114 4.
2985 2036 3089 2098 26.
3122 2033 3240 2098 IV.
3270 2054 3332 2112 4.
3365 2052 3475 2114 40.
3504 2047 3569 2098 et
3594 2051 3700 2117 43.
3735 2034 3855 2097 IV.
3886 2055 3949 2120 9.
3981 2053 4043 2119 3.
4080 2046 4144 2099 et
4170 2033 4400 2099 adhibe
4426 2034 4591 2101 dicta

2889 2134 2969 2199 ad
3006 2135 3062 2199 I.
3094 2155 3161 2216 4.
3194 2153 3259 2220 9.
3289 2133 3428 2199 init.

2975 2274 3064 2286 —
3096 2256 3195 2302 12.
3244 2239 3429 2319 ὁρμὰς
3474 2237 3571 2301 καὶ
3621 2235 4032 2325 ἐπανθήσεις,]
4081 2238 4358 2304 Verbum
4410 2242 4589 2306 ἐπαν-

2890 2345 3039 2414 θεῖν,
3071 2337 3398 2404 Platonem
3444 2338 3526 2404 de
3571 2339 3776 2426 Legg.
3825 2339 3942 2404 IV.
3978 2341 4127 2423 827.
4160 2342 4239 2405 F.
4274 2342 4463 2428 (173)
4500 2366 4589 2407 se-

2888 2457 3096 2520 cutus,
3153 2440 3483 2528 aliquoties
3536 2455 3803 2528 usurpat
3862 2443 4114 2521 Noster,
4168 2442 4251 2508 de
4304 2443 4584 2524 floribuS,

2887 2542 3050 2620 luce,
3082 2542 3529 2630 pulcritudine.
3579 2541 3726 2606 Vid.
3754 2565 3817 2607 v.
3843 2565 3895 2607 c.
3929 2544 4008 2607 V.
4033 2544 4093 2608 8.
4132 2563 4229 2609 10.
4256 2545 4379 2610 VI.
4402 2565 4461 2610 2.
4484 2565 4586 2610 21.

2891 2644 3188 2712 Similiter
3232 2642 3497 2709 Proclus
3539 2643 3605 2708 in
3643 2642 3922 2708 Platonis
3962 2643 4173 2709 Alcib.
4204 2668 4302 2734 pr.
4335 2669 4400 2734 p.
4443 2668 4582 2712 111.

2889 2748 3220 2835 Praecipue
3252 2746 3564 2812 Rhetores
3592 2745 3713 2811 hoc
3742 2746 3935 2810 verbo
3964 2745 4376 2814 delectantur.
4436 2749 4587 2814 Dio-

2885 2872 3024 2936 nys.
3058 2848 3381 2914 Halicarn.
3413 2848 3494 2913 de
3540 2851 3836 2935 Compos.
3871 2871 3934 2935 p.
3971 2850 4115 2914 268.
4165 2850 4396 2915 Schaef.
4426 2878 4441 2916 ε
4489 2854 4583 2917 καὶ

2885 2951 3039 3037 αὐτῷ
3070 2953 3183 3031 μὲν
3212 2954 3355 3017 ἴσως
3373 2949 3705 3032 Ἰσοκράτει
3725 2950 3952 3015 πολλαὶ
3985 2950 4177 3032 (Cod.
4204 2951 4408 3017 Palat.
4435 2963 4579 3019 πολ-

2881 3061 3038 3121 λαῖς.
3088 3055 3279 3139 male)
3325 3052 3563 3137 χάριτες
3607 3051 3902 3133 ἐπήνθουν
3939 3054 4156 3134 (ἄλλαι
4195 3053 4376 3120 addit
4421 3055 4578 3122 cod.

2882 3158 3201 3241 Darmst.)
3261 3159 3480 3237 ταύτην
3531 3156 3991 3237 ἐπικρύπτουσαι
4061 3155 4169 3234 τὴν
4240 3158 4574 3241 ἀμορφίανε

2881 3260 2988 3325 ubi
3021 3259 3208 3348 plura
3235 3258 3485 3346 collegit
3532 3257 3828 3323 Schaefer.
3910 3257 4227 3345 Usurpari
4270 3258 4455 3324 etiam
4499 3260 4579 3327 de

2876 3363 3278 3428 interioribus
3318 3360 3648 3426 affectibus
3697 3360 3879 3424 docet
3922 3360 4175 3426 Jacobs.
4220 3360 4305 3425 ad
4359 3362 4573 3428 Callis-

2881 3466 3026 3530 trati
3075 3467 3330 3529 Statuas
3369 3486 3435 3550 p.
3472 3464 3638 3546 708:
3687 3462 3851 3527 adde
3895 3461 4263 3528 Boissonad.
4309 3468 4574 3530 Annott.

2877 3569 2942 3632 in
3002 3569 3257 3655 Euuap.
3308 3588 3375 3654 p.
3426 3582 3573 3649 227.
3636 3563 3971 3630 Iamblich.
4022 3566 4087 3628 in
4141 3568 4458 3655 Protrept.
4513 3591 4573 3656 p.

2884 3690 3027 3756 153.
3080 3670 3222 3735 Arc.
3275 3692 3336 3756 p.
3366 3671 3516 3755 362.
3567 3666 3836 3732 Kiessl.:
3885 3667 3994 3733 τὸν
4039 3669 4105 3732 δὲ
4147 3668 4387 3750 γέλωτα
4430 3673 4575 3754 ὑπὲρ

2879 3773 3119 3838 πάντων
3170 3779 3287 3837 τῶν
3332 3775 3539 3836 παθῶν
3577 3770 3912 3849 ὠνόμασεν,
3954 3770 4048 3833 ὅτι
4088 3772 4273 3850 μόνος
4315 3773 4575 3852 μάλιστα

2882 3874 3159 3955 ἐμφανῶς
3182 3873 3482 3952 μηνύεται,
3518 3872 3721 3953 ὥσπερ
3757 3896 3813 3935 τι
3857 3871 4165 3951 ἐπάνθημα
4207 3872 4326 3954 (ita
4362 3897 4572 3939 omnes

2876 3973 3022 4039 libri
3050 3973 3190 4037 mei.
3261 3972 3424 4037 Cod.
3468 3972 3666 4037 Paris.
3704 3972 4041 4054 ὑπάνθημα.
4075 3972 4266 4059 male)
4296 3976 4575 4060 ὑπάρχων

2880 4078 2977 4140 καὶ
3022 4077 3368 4158 ἐπίφλεγμα
3416 4075 3788 4157 (ἐπίφθεγμα
3831 4073 4020 4138 etiam
4071 4097 4238 4140 unus
4273 4100 4353 4141 ex
4401 4076 4572 4155 meiS,

2875 4200 2999 4241 non
3029 4176 3281 4261 melius)
3305 4176 3483 4259 μέχρι
3509 4178 3831 4257 προσώπου
3860 4181 3961 4255 τῆς
3981 4177 4318 4246 διαθέσεως.
4383 4180 4573 4244 Lexi-

2873 4279 2960 4344 cis
2988 4295 3223 4357 autem,
3252 4301 3397 4365 quae
3427 4277 3557 4341 sine
3585 4277 3959 4343 auctoritate
3988 4277 4291 4345 exhibent
4322 4282 4570 4363 ἐπάνθη-

2874 4407 2987 4454 σις,
3020 4379 3292 4445 addatur
3321 4379 3422 4444 hic
3451 4378 3625 4444 locus
3655 4378 3908 4444 Plotini.

2944 4519 3032 4531 —
3059 4480 3211 4562 16.ἢ
3242 4482 3386 4564 πρὸς
3413 4482 3621 4565 γάμων
3642 4486 3898 4564 φυσικὰς
3917 4485 4308 4570 προθεσμίας]
4348 4486 4571 4551 Paullo

2873 4598 3018 4649 ante
3059 4586 3126 4649 ἐν
3166 4587 3552 4667 προθεσμίαις
3596 4590 3850 4652 τακταῖς.
3944 4584 4209 4670 Proprie
4268 4606 4572 4676 usurpant

2875 4688 3172 4752 Oratores
3203 4686 3435 4765 Graeci,
3468 4701 3540 4751 ut
3584 4686 4039 4751 Demosthenes
4073 4709 4135 4773 p.
4172 4692 4318 4773 269.
4347 4704 4412 4755 et
4453 4715 4566 4756 sae-

2869 4790 3014 4877 pius
3064 4790 3289 4878 Lysias
3339 4813 3401 4876 p.
3442 4809 3586 4870 140.
3647 4804 3709 4852 et
3769 4790 3914 4868 264.
3961 4803 4023 4852 et
4073 4788 4206 4875 ipse
4256 4789 4441 4856 Plato
4489 4792 4569 4856 de

2873 4891 3077 4978 Legg.
3112 4893 3286 4956 XII.
3318 4915 3383 4979 p.
3418 4911 3570 4976 954.
3603 4890 3711 4954 fin.
3752 4889 3832 4953 de
3872 4890 3975 4954 die
4015 4891 4402 4978 praescripto,
4441 4894 4568 4959 sive

2867 4992 3135 5057 termino
3177 5016 3216 5056 a
3271 4992 3409 5079 lege
3464 4989 3826 5056 constituto.
3887 4992 3992 5056 Cf.
4037 4991 4170 5057 Ast.
4217 4992 4295 5057 ad
4350 4994 4459 5059 ].1.
4499 4996 4565 5060 in

2868 5096 3218 5159 Comment.
3308 5118 3375 5181 p.
3446 5096 3596 5179 562.
3673 5092 4053 5180 Wesseling.
4126 5092 4211 5157 ad
4300 5096 4563 5163 Diodor.

2868 5195 3220 5261 XXXVI.
3256 5216 3314 5261 1.
3338 5218 3402 5282 p.
3425 5213 3576 5282 530.
3613 5195 3698 5259 G.
3721 5197 3797 5259 Ο.
3823 5193 4027 5258 Reizii
4045 5193 4323 5261 Glossar.
4353 5198 4565 5264 Theo-

1071 5300 1222 5385 508.
1255 5297 1461 5363 Bekk.
1488 5296 1658 5361 unde
1679 5296 1966 5362 adscribo
1987 5296 2159 5362 haec:
2198 5299 2295 5362 ἐπὶ
2318 5300 2383 5361 δὲ
2404 5303 2523 5361 τῶν
2547 5298 2776 5361 κύκλων
2863 5295 3015 5384 phil.
3064 5321 3132 5384 p.
3187 5298 3369 5381 1289.
3421 5312 3485 5362 et
3525 5295 3795 5361 Dorvill.
3840 5295 3922 5360 ad
3970 5297 4273 5361 Chariton
4319 5323 4381 5386 p.
4412 5303 4564 5387 348.

1074 5401 1254 5465 αὐτοῦ
1280 5401 1512 5465 ἄνωθεν
1543 5398 1639 5481 ἐφ’
1674 5399 1927 5463 ἑκάστου
1966 5399 2299 5480 βεβηκέναι
2340 5403 2597 5482 Σειρῆνα
2628 5425 2772 5476 συμ-
2863 5399 3045 5486 Lips.
3083 5401 3171 5487 [p.
3205 5419 3354 5485 245.
3385 5401 3624 5482 Amst.]
3704 5397 3955 5463 Deinde
3996 5397 4078 5462 ad
4120 5420 4218 5463 res
4248 5402 4564 5468 naturales

1071 5502 1563 5585 περιφερομένην,
1601 5501 1808 5585 φωνὴν
1851 5502 1995 5582 μίαν
2040 5504 2259 5581 ἱεῖσαν,
2307 5503 2415 5569 ἕνα
2457 5503 2656 5565 τόνον.
2709 5504 2774 5565 ἐκ
2861 5501 3249 5568 transfertur.
3327 5499 3611 5565 Phalaris
3656 5500 3868 5586 Epist.
3927 5518 4083 5585 105:
4130 5503 4562 5585 ὑπομιμνήσκει
