5118 6613
1244 566 1444 632 LIB.
1503 568 1642 634 IX.
1685 570 2156 636 ENNEAD.
2212 572 2753 638 SECUNDAE.
2801 595 2864 660 p.
2893 574 3257 659 386—392.

512 736 574 799 Ι.
612 750 716 817 17.
760 748 824 800 et
869 736 929 799 Ι.
959 756 1107 817 4ο.;
1169 737 1339 803 unde
1387 738 1545 803 illud
1595 737 1796 805 Tauri
1850 740 2206 830 philosophi

512 836 842 902 dicterium
882 837 946 901 in
986 838 1161 904 illum
1206 864 1309 929 ap.
1340 843 1430 908 A.
1464 842 1744 908 Gellium
1775 845 1915 908 IX.
1941 861 2048 930 5.:
2095 844 2208 910 Ἥ-

512 941 656 1022 δονή
683 941 875 1009 τέλος·
923 944 1143 1024 πόρνης
1184 947 1392 1027 δόγμα.
1443 947 1548 1010 οὐκ
1588 947 1717 1011 ἔστι
1758 949 2027 1030 πρόνοια·
2072 950 2208 1015 οὐδὲ

512 1044 733 1126 πόρνης
774 1046 981 1126 δόγμα.
1026 1044 1108 1110 cf.
1148 1060 1387 1112 annott.
1433 1064 1627 1113 nostr.
1669 1048 1754 1113 ad
1800 1048 1932 1114 Cic.
1979 1048 2023 1114 l.
2051 1048 2095 1115 l.
2140 1073 2207 1137 p.

519 1146 665 1226 181.
730 1146 947 1234 Pergit
980 1147 1268 1214 Plotinus
1297 1153 1329 1214 ὁ
1360 1153 1424 1216 δὲ
1452 1153 1636 1235 λόγος
1664 1152 1853 1220 οὗτος.
1908 1152 2204 1217 Ficinus:

520 1249 958 1315 Gnosticorum
987 1273 1135 1316 vero
1161 1274 1383 1318 sermo.
1474 1254 1587 1318 Ad
1627 1255 1990 1320 sententiam
2022 1271 2209 1336 recte,

514 1372 641 1416 non
670 1351 818 1417 item
846 1353 929 1418 ad
957 1354 1167 1420 verba.
1256 1357 1482 1443 Neque
1524 1357 1687 1421 enim
1734 1359 2012 1424 nominat
2042 1360 2215 1424 Gno-

518 1454 703 1520 sticos
731 1469 940 1522 noster
967 1457 1398 1547 philosophus.
1463 1459 1607 1527 Vid.
1644 1462 1704 1525 I.
1737 1462 1817 1525 A.
1851 1461 2097 1528 Fabric.
2129 1462 2213 1527 ad

520 1558 834 1648 Porphyr.
864 1560 946 1625 de
974 1561 1102 1626 Vit.
1137 1561 1368 1627 Plotini
1412 1586 1465 1627 0.
1501 1583 1603 1645 24.
1641 1578 1705 1629 et
1745 1579 1988 1629 annott.
2018 1580 2213 1631 nostr.

520 1660 602 1728 ad
629 1661 885 1728 titulum
914 1663 1107 1750 hujus
1134 1664 1275 1730 libri
1306 1665 1659 1731 Plotiniani.

608 1786 669 1852 p.
694 1765 848 1851 388,
876 1786 940 1853 3.
986 1767 1073 1832 ἔτι
1118 1769 1568 1857 νεανικώτερον]
1604 1768 1840 1834 Melius
1883 1770 1945 1833 h.
1977 1769 2015 1834 l.
2051 1770 2219 1836 Fici-

523 1889 666 1948 nus,
686 1891 879 1955 quam
903 1868 1162 1958 Taylor.
1217 1869 1337 1935 Ille
1357 1894 1520 1936 emm
1545 1897 1560 1937 ε
1593 1873 1964 1938 imolentius
1985 1876 2174 1938 etiam
2193 1899 2215 1938 .·

524 1969 661 2038 hic:
708 1993 784 2037 as
811 1973 946 2038 still
968 1995 1138 2039 more
1150 1976 1449 2061 juvenile
1477 1976 1629 2040 than
1659 1975 1804 2041 this.
1898 1975 2224 2042 Platonica

526 2073 817 2141 formula.
908 2075 1055 2142 Vid.
1093 2077 1381 2165 exempla
1419 2093 1713 2165 congesta
1737 2079 1819 2144 ab
1852 2079 2225 2145 Heindorfio

526 2178 608 2244 ad
656 2178 877 2267 Lysid.
922 2202 984 2267 p.
1016 2200 1080 2264 7.
1124 2180 1288 2246 adde
1329 2180 1504 2245 Suid.
1538 2183 1640 2246 ΙΙ.
1686 2205 1748 2269 p.
1781 2183 1929 2269 603.
1991 2184 2220 2247 Zonar.

528 2282 689 2350 Lex.
753 2306 816 2371 p.
864 2302 1049 2369 1392.
1111 2287 1553 2366 νεανικώτερον·
1617 2287 2077 2368 τολμηρότερον.
2134 2286 2220 2356 cf.

530 2385 897 2452 Hemsterh.
939 2385 1022 2450 ad
1062 2387 1390 2475 Aristoph.
1423 2386 1685 2453 Plutum
1716 2411 1806 2452 vs.
1846 2390 2031 2474 1183.
2097 2391 2224 2453 Ca-

530 2488 793 2554 saubon.
813 2488 896 2556 ad
917 2490 1159 2558 Athen.
1189 2491 1303 2555 IV.
1328 2513 1395 2578 p.
1414 2491 1563 2554 606.
1588 2514 1681 2578 sq.
1699 2490 1852 2578 ibiq.
1874 2490 2220 2578 Schweigh.

530 2591 934 2658 Valckenaer.
965 2593 1195 2658 Scholl.
1226 2593 1293 2658 in
1324 2594 1409 2659 N.
1443 2595 1532 2658 T.
1568 2594 1630 2660 Ι.
1677 2617 1744 2682 p.
1774 2609 1926 2680 335.
1958 2617 2048 2680 sq.
2096 2595 2224 2658 Lo-

529 2693 683 2760 cella
727 2694 814 2760 ad
862 2695 1163 2783 Xenoph.
1215 2695 1451 2783 Ephes.
1505 2720 1568 2784 p.
1618 2698 1769 2783 326.
1818 2695 1917 2761 ed.
1976 2695 2224 2761 Peerlk.

532 2797 830 2863 Matthaei
870 2798 956 2863 ad
1001 2800 1099 2864 10.
1135 2799 1461 2887 Chrysost.
1508 2799 1748 2865 Homil.
1797 2801 1856 2864 Ι.
1904 2823 1967 2887 p.
2008 2821 2116 2879 40.
2164 2814 2229 2865 et

533 2899 772 2968 Hasius
799 2900 882 2966 ad
912 2902 1111 2968 Leon.
1148 2902 1409 2967 Diacon.
1443 2926 1504 2990 p.
1531 2920 1676 2983 240.

609 3041 701 3058 —
724 3026 786 3086 4.
834 3006 931 3070 καὶ
962 3006 1070 3085 τὴν
1098 3007 1313 3087 ἀρετὴν
1341 3007 1449 3086 τὴν
1479 3008 1544 3070 ἐκ
1586 3006 1810 3075 παντὸς
1852 3010 1958 3070 τοῦ
2007 3007 2230 3090 χρόνον

540 3106 964 3193 ἀνευρημένην]
1017 3109 1181 3174 Haec
1225 3108 1416 3173 verba
1453 3108 1685 3172 Plotini
1730 3108 2070 3173 admonent
2099 3111 2236 3174 He-

533 3207 738 3275 rodoti
769 3211 827 3275 I.
863 3212 923 3280 8.
952 3211 1142 3277 πάλαι
1184 3214 1250 3277 δὲ
1279 3215 1354 3278 τὰ
1395 3216 1552 3278 καλὰ
1598 3214 1964 3295 ἀνθρώποισι
1994 3214 2231 3295 ἐξεύρη-

536 3339 649 3391 ται,
685 3315 752 3381 ἑκ
779 3320 898 3379 τῶν
919 3315 1246 3396 μανθάνειν
1274 3321 1383 3381 δεῖ.

614 3454 704 3468 —-
729 3437 791 3504 5.
839 3420 927 3493 τό,
959 3445 1025 3484 τε
1050 3424 1393 3502 σωφρονεῖν
1421 3423 1593 3483 τοῦτο
1626 3420 1694 3482 ἐν
1721 3418 1943 3500 γέλωτι
1982 3419 2230 3499 θέμενος

532 3521 727 3601 -τὴν
745 3522 963 3602 ἡδονὴν
986 3549 1040 3585 κ.
1061 3548 1115 3586 τ.
1135 3521 1234 3604 λ.]
1266 3523 1429 3586 Haec
1456 3543 1533 3585 ex
1561 3543 1695 3585 asse
1723 3521 2101 3609 respondent
2128 3520 2222 3599 iis,

534 3644 676 3709 quoe
705 3621 1003 3689 Ecclesiae
1035 3626 1254 3689 Patres
1282 3623 1360 3687 de
1392 3622 1707 3688 Gnosticis
1731 3637 2224 3710 conqueruntur.

536 3724 828 3791 Clemens
855 3725 1037 3791 Alex.
1068 3729 1297 3791 Strom.
1334 3727 1435 3793 II.
1485 3750 1549 3815 p.
1583 3747 1735 3811 490.
1770 3728 2046 3792 Potter.:
2095 3725 2229 3790 οἶδα

533 3829 650 3913 ἐγὼ
697 3828 926 3912 αἱρέσει
951 3830 1068 3894 τινὶ
1096 3831 1379 3914 ἐντυχών·
1427 3831 1524 3894 καὶ
1548 3831 1583 3891 ὁ
1612 3832 1824 3910 ταύτης
1864 3828 2223 3911 προϊστάμε-

532 3956 649 4006 νος,
676 3934 774 3996 διὰ
801 3935 902 4011 τῆς
927 3931 1197 4017 χρήσεως
1226 3933 1494 4015 ἔφασκεν
1521 3936 1622 4011 τῆς
1648 3933 1860 4012 ἡδονῆς
1885 3934 2065 4014 ἡδονῇ
2111 3931 2224 4012 μά-

530 4039 770 4118 χεσθαι.
833 4035 1177 4115 αὖτομολῶν
1221 4036 1367 4118 πρὸς
1415 4036 1632 4115 ἡδονὴν
1678 4038 1775 4100 διὰ
1822 4038 2223 4117 προσποιητοῦ

530 4136 722 4221 μάχης
748 4139 783 4201 ὁ
812 4143 1087 4219 γενναῖος
1121 4139 1290 4205 οὗτος
1326 4140 1673 4206 Γνωστικός·
1723 4138 1953 4221 ἔφασκε
1991 4141 2108 4220 γὰρ
2152 4138 2223 4218 δὴ

530 4241 711 4307 αὐτὸν
740 4241 839 4306 καὶ
866 4240 1201 4307 Γνωστικὸν
1232 4241 1383 4305 εἶναι
1413 4269 1466 4306 κ.
1485 4267 1535 4305 τ.
1554 4249 1614 4304 λ.
1661 4241 1909 4305 Deinde
1934 4239 2223 4306 Clemens

536 4342 840 4431 Aristippi
870 4344 1156 4430 Cyrenaei
1198 4343 1512 4419 admonet,
1552 4344 1711 4409 sicut
1752 4343 2040 4408 Plotinus
2081 4344 2145 4407 h.
2176 4342 2221 4408 l.

532 4445 823 4534 Epicuri.
898 4445 1135 4512 Plotini
1182 4463 1394 4511 autem
1440 4445 1784 4533 discipulus
1835 4445 2229 4535 Porphyrius

533 4549 717 4638 plane
744 4549 1088 4615 consimilia
1112 4548 1342 4636 placita
1360 4549 1770 4636 institutaque
1795 4549 2229 4637 hujuscemodi

534 4651 858 4718 bominum
908 4667 1209 4718 memorat
1249 4654 1353 4718 De
1396 4651 1799 4717 Abstinentia
1845 4654 1904 4718 Ι.
1933 4673 2041 4735 40.
2088 4676 2228 4739 sqq.

535 4779 602 4845 p.
633 4758 909 4841 69—72.
949 4754 1187 4820 Rhoer.
1277 4755 1379 4820 Cf.
1416 4755 1725 4820 Clement.
1755 4754 1798 4820 1.
1828 4755 1872 4821 1.
1905 4756 2015 4823 ubi
2044 4755 2230 4820 etiam

534 4858 981 4927 Nicolaitarum
1031 4857 1151 4923 hoc
1191 4858 1515 4924 decretum
1556 4859 1928 4946 castigatur:
1990 4858 2058 4923 τὸ
2106 4863 2232 4923 δεῖν

536 4965 955 5046 παραχρῆσθαι
998 4965 1068 5042 τῇ
1114 4963 1311 5044 σαρκί.
1400 4960 1596 5026 Adde
1642 4959 1949 5027 Clement.
1999 4963 2231 5026 Strom.

541 5066 682 5131 ΙΙΙ.
718 5084 780 5129 1.
811 5086 878 5152 p.
900 5083 1047 5149 510.
1080 5064 1191 5128 ubi
1219 5087 1365 5151 quae
1395 5063 1684 5129 Basilidis
1723 5078 2052 5130 sectatores
2093 5087 2234 5151 per-

538 5190 713 5235 versa
740 5190 777 5233 e
805 5166 1061 5233 rationis
1088 5191 1219 5232 suae
1247 5166 1632 5255 argumentis
1658 5167 2046 5254 repetebant,
2066 5189 2233 5235 oom-

538 5285 983 5349 memorantur,
1026 5288 1090 5335 et
1133 5270 1220 5336 cf.
1251 5269 1533 5335 Lewaldi
1563 5272 1915 5337 Comment.
1950 5269 2030 5334 de
2058 5269 2228 5335 Doc-

540 5372 701 5439 trina
728 5373 1033 5440 Gnostica
1072 5395 1141 5460 p.
1173 5387 1280 5459 55.
1311 5397 1403 5460 sq.
1437 5388 1502 5438 et
1528 5373 1829 5437 Neandri
1857 5373 2036 5461 Aug.
2071 5374 2230 5438 Ges·

542 5475 770 5559 chich&
808 5477 923 5541 der
954 5475 1216 5542 emisa.
1243 5476 1463 5564 Relig.
1492 5499 1562 5540 u.
1594 5476 1834 5540 Kirche
1865 5477 1925 5540 Ι.
1958 5494 2021 5542 2.
2066 5477 2234 5542 Sect.

545 5578 660 5647 IV.
690 5602 753 5666 p.
779 5580 928 5666 658.
959 5601 1055 5666 sq.
1084 5591 1148 5643 et
1173 5601 1241 5666 p.
1265 5580 1412 5663 776.
1469 5576 1785 5643 Nimirum
1814 5578 2237 5645 abutebantur

3866 594 3981 662 131

2291 742 2357 807 hi
2388 744 2695 822 Gnostici,
2725 768 2885 831 quos
2915 743 3221 824 PlotinuS,
3255 744 3564 825 Clemens,
3598 746 3991 835 Porphyrius

2291 859 2532 926 notant,
2571 846 2771 911 effatis
2814 846 2999 912 Pauli
3042 846 3334 935 Apostoli
3365 848 3653 914 00110111.
3687 850 3745 913 Ι.
3781 851 3847 929 6,
3883 867 3986 915 12.

2293 963 2357 1014 01
2389 951 2449 1028 8,
2481 971 2542 1034 9.
2574 950 2655 1015 de
2685 952 2941 1036 ἐξουσίᾳ,
2984 973 3173 1038 seque
3217 962 3519 1038 tanquam
3564 953 3989 1032 πνευματικοὺς

2293 1050 2722 1140 voluptatibus
2755 1053 3151 1140 flagitiisque,
3181 1053 3324 1119 licet
3366 1053 3617 1142 penitus
3662 1078 3726 1119 se
3770 1054 3991 1120 iisdem

2293 1154 2752 1243 immergerent,
2782 1156 3185 1222 contaminari
3213 1179 3392 1244 posse
3428 1157 3757 1244 praefracte
3799 1180 3991 1245 nega-

2295 1258 2465 1324 bant.
2558 1261 2719 1337 Quae
2764 1258 3135 1347 perversitas
3167 1282 3291 1323 non
3320 1258 3518 1324 solum
3547 1283 3587 1324 a
3616 1259 3992 1325 Christianae

2298 1360 2611 1449 religionis
2633 1361 2991 1427 doctoribus
3016 1361 3390 1449 vituperata,
3403 1385 3620 1428 verum
3643 1363 3726 1428 ab
3746 1364 3997 1431 ethnico

2298 1464 2485 1529 etiam
2513 1463 2884 1552 philosopho
2912 1464 3164 1530 Plotino
3209 1465 3498 1530 funditus
3540 1489 3754 1531 eversa
3791 1481 3999 1533 est.—

2300 1569 2609 1632 Extrema
2635 1590 2777 1655 pag.
2810 1581 2875 1632 et
2901 1591 2966 1655 p.
2998 1585 3143 1648 214.
3177 1568 3267 1633 A.
3302 1569 3397 1633 καὶ
3425 1568 3493 1633 τὸ
3524 1570 3593 1634 οὗ
3622 1569 3823 1634 κοινὸν
3851 1569 4000 1652 πρὸς

2301 1671 2524 1738 ἄλλους
2573 1672 2913 1752 ἀνθρώπους
2952 1670 3188 1758 justius
3234 1670 3498 1758 proinde
3547 1672 3613 1735 in
3667 1673 4001 1738 Gnosticos

2302 1771 2422 1836 dici
2452 1784 2767 1859 poterant,
2789 1796 2981 1860 quam
3001 1773 3066 1838 in
3092 1773 3501 1854 Christianos,
3526 1774 3758 1862 quibus
3788 1790 4000 1841 tamen

2302 1875 2516 1941 odium
2544 1876 2809 1940 humani
2829 1879 3093 1964 gemris
3120 1876 3359 1941 crimini
3382 1877 3599 1943 datum
3632 1894 3696 1942 et
3725 1902 3762 1942 a
3791 1901 4003 1943 rerum

2307 2001 2563 2065 quoque
2591 1979 2994 2066 scriptoribus
3015 1978 3320 2045 Romanis
3341 1980 3655 2046 memoriae
3683 1980 4007 2069 proditum

2309 2095 2421 2145 est.
2470 2080 2613 2145 Vid.
2648 2081 2857 2146 Taciti
2887 2081 3158 2147 Annales
3187 2082 3332 2146 XV.
3361 2103 3466 2164 44.
3517 2083 3790 2149 Historr.
3827 2083 3902 2147 V.
3938 2085 4003 2148 6.

2313 2182 2479 2248 Plin.
2511 2183 2721 2271 Epist.
2756 2185 2852 2247 X.
2886 2202 2992 2269 97.
3039 2183 3315 2253 Tertull.
3349 2185 3681 2273 Apologet.
3713 2210 3773 2251 c.
3806 2202 3864 2269 7.
3900 2204 4005 2250 21.

2312 2300 2377 2351 et
2422 2286 2505 2351 cf.
2548 2288 2610 2351 Ι.
2641 2288 2722 2350 Α.
2756 2286 3027 2352 Fabricii
3077 2286 3510 2376 Bibliograph.
3559 2288 3891 2376 Antiquar.
3939 2311 4006 2376 p.

2309 2391 2458 2475 756.
2487 2403 2553 2453 et
2578 2388 2937 2456 Tillemont.
2969 2388 3250 2455 Histoire
3292 2390 3404 2456 des
3447 2392 3832 2479 Empereurs
3876 2392 4010 2455 Ro-

2309 2491 2510 2557 mains
2540 2492 2626 2557 T.
2651 2493 2706 2556 I.
2736 2515 2804 2579 p.
2831 2509 2976 2577 297.
3009 2515 3144 2580 sqq.

2397 2617 2463 2682 p.
2486 2596 2640 2680 389,
2665 2612 2761 2658 12.
2793 2596 2935 2660 ἄνευ
2965 2597 3030 2660 δὲ
3052 2597 3261 2678 ἀρετῆς
3286 2598 3567 2678 ἀληθινῆς
3597 2596 3732 2664 θεὸς
3757 2596 4012 2679 λεγόμε-

2314 2723 2416 2766 νος
2442 2697 2634 2777 ὄνομά
2664 2698 2883 2782 ἐστιν.]
2935 2698 3149 2762 Locus
3183 2698 3750 2786 praestantissimus,
3791 2712 3857 2764 et
3897 2698 4010 2787 qui

2312 2822 2427 2864 nos
2456 2799 2748 2865 similium
2780 2799 3088 2865 dictorum
3121 2800 3183 2865 in
3217 2802 3303 2865 N.
3329 2803 3415 2865 T.
3445 2800 3800 2867 admoneat.

2400 2925 2468 2989 p.
2493 2922 2644 2988 392,
2675 2923 2773 2969 10.
2820 2905 2944 2968 Καί
2967 2929 3058 2968 τοι
3089 2906 3142 2967 εἰ
3171 2905 3268 2969 καὶ
3287 2903 3744 2985 μισεῖν-ἐπῄει
3772 2904 3880 2984 τὴν
3908 2909 4015 2969 τοῦ

2318 3008 2591 3086 σώματος
2618 3007 2858 3095 φύσιν]
2907 3007 3112 3071 Nemo
3141 3028 3266 3070 non
3307 3006 3497 3072 sentit
3534 3006 3851 3071 duriorem
3883 3029 4015 3073 esse

2319 3108 2708 3188 sententiam,
2741 3108 2793 3173 si
2839 3108 3008 3196 legas
3051 3131 3196 3174 cum
3247 3108 3422 3175 Edit.
3471 3111 3681 3174 ἐποίει.
3767 3110 3861 3174 Ε1
3902 3132 4017 3197 per

2321 3211 2710 3287 Itacismum,
2779 3225 2872 3277 tot
2927 3211 3223 3277 vitiorum
3296 3227 3640 3300 parentem,
3698 3212 4018 3278 obscurari

2317 3314 2528 3402 potuit
2558 3314 2900 3403 elegantior
2941 3314 3123 3381 lectio
3167 3313 3355 3396 ἐπῄει.
3442 3315 3546 3397 De
3587 3315 3705 3381 hac
3747 3315 4019 3381 formula

2316 3418 2510 3483 ἔπεισι
2538 3431 2603 3482 01
2631 3417 2798 3498 ἐπῄει
2824 3441 2968 3484 cum
2998 3418 3234 3483 Dativo
3260 3432 3326 3482 et
3356 3418 3701 3495 Infinitivo,
3731 3418 3812 3483 de
3850 3418 4016 3505 cogi-

2310 3520 2650 3586 tationibus
2677 3536 2947 3586 mentem
2993 3520 3428 3600 subeuntibus,
3457 3520 3585 3585 vid.
3623 3520 3774 3585 Tib.
3815 3522 4016 3585 Hem-

2311 3622 2499 3688 sterb.
2533 3623 2617 3687 ad
2647 3622 2915 3688 Luciani
2946 3622 3264 3688 Prometb.
3298 3622 3437 3687 vol.
3463 3624 3523 3687 Ι.
3552 3646 3620 3710 p.
3655 3625 3759 3688 26.
3789 3621 4015 3687 Valck-

2311 3748 2517 3790 enaer.
2562 3726 2645 3791 ad
2674 3726 2906 3814 Eurip.
2954 3723 3263 3790 Phoeniss.
3316 3725 3500 3810 1378.
3556 3724 4007 3812 Wyttenbach.

2312 3828 2394 3893 ad
2457 3828 2699 3893 Selecta
2740 3829 3016 3894 Historr.
3075 3851 3138 3916 p.
3166 3829 3317 3914 346.
3368 3830 3541 3893 Bast.
3604 3827 3686 3892 ad
3740 3829 4008 3915 Gregor.

2316 3933 2464 3996 Cor.
2499 3955 2563 4019 p.
2585 3950 2733 4018 375.
2778 3946 2843 3997 01
2892 3929 2972 3997 de
3015 3930 3286 4018 elliptiea
3326 3929 3599 3994 formula
3642 3929 3810 4010 ἐπῄει
3860 3931 4015 4018 αὐτῷ

2307 4036 2398 4099 ὅτι
2457 4033 2732 4099 Bakium
2788 4034 2869 4099 ad
2935 4032 3286 4098 Cleomedis
3342 4034 3613 4099 Meteor.
3673 4055 3739 4121 p.
3770 4050 4010 4114 421.—

2308 4137 2605 4205 Proxime
2646 4136 2729 4204 ad
2773 4137 2903 4202 εἶπε
2943 4136 3345 4224 cogitandum
3392 4152 3485 4200 est
3528 4137 3639 4200 ὅτι.
3732 4134 4011 4200 Platonis

2307 4255 2518 4305 autem
2548 4239 2722 4305 locus
2763 4239 3099 4328 primarius
3127 4256 3222 4304 est
3263 4238 3327 4303 in
3374 4237 3697 4303 Phaedone
3728 4262 3789 4326 p.
3822 4240 3930 4324 65.
3959 4261 4015 4303 a.

2308 4366 2363 4409 c.
2398 4362 2497 4407 11.
2544 4366 2607 4431 p.
2641 4360 2737 4428 15.
2771 4342 3149 4430 Wyttenb.:
3198 4343 3260 4406 τί
3285 4344 3349 4406 δὲ
3392 4341 3462 4421 δὴ
3501 4343 3638 4423 περὶ
3684 4341 3866 4421 αὐτὴν
3907 4342 4018 4421 τὴν

2311 4449 2412 4526 τῆς
2444 4445 2793 4528 φρονήσεως
2827 4449 3071 4525 κτῆσινς
3118 4446 3373 4526 πότερον
3407 4445 3691 4524 ἐμπόδιον
3729 4443 3798 4508 τὸ
3844 4449 4018 4525 σῶμα

2310 4547 2349 4628 ἦ
2378 4547 2467 4622 οὓ,
2500 4548 2609 4613 ἐάν
2635 4574 2724 4615 τις
2752 4547 2893 4612 αὐτὸ
2925 4549 2993 4613 ἐν
3020 4551 3090 4628 τῇ
3118 4546 3354 4628 ζητήσει
3394 4545 3677 4610 κοινωνὸν
3705 4572 4012 4629 συμπαρα-

2313 4651 2638 4731 λαμβάνῃς
2677 4678 2727 4715 κ.
2746 4676 2800 4715 τ.
2824 4658 2887 4717 λ.
2920 4649 3003 4714 ad
3030 4672 3221 4738 quem
3248 4649 3456 4715 locum
3486 4648 4016 4736 Wyttenbachius

2314 4752 2507 4818 nostri
2552 4752 2671 4818 loci
2713 4775 2839 4817 non
2882 4766 2976 4817 est
3017 4751 3270 4831 oblitus,
3314 4773 3430 4817 nec
3471 4749 3726 4817 alterius
3778 4752 3899 4818 lv.
3953 4775 4019 4840 p,

2313 4857 2470 4943 386.
2504 4857 2582 4921 C.
2639 4858 2919 4937 ἐμπόδιον
2959 4858 3076 4940 γὰρ
3127 4860 3299 4920 τοῦτο
3343 4858 3403 4920 εἴ
3441 4881 3526 4924 τις
3569 4855 3726 4942 αὐτῷ
3778 4858 3847 4921 ἐν
3891 4862 4020 4926 ταῖς

2317 4958 2585 5042 σκέψεσι
2624 4962 2997 5045 προσ-χρῷτο,
3030 4972 3094 5024 01
3133 4981 3200 5046 p.
3234 4974 3376 5045 153.
3418 4957 3586 5023 idem
3615 4956 3714 5022 vir
3756 4956 4014 5025 doctus:

2321 5068 2366 5102 “
2396 5060 2784 5126 Platonicam
2801 5083 2950 5126 vero
2964 5060 3240 5149 corporis
3255 5059 3793 5147 reprehensionem
3814 5060 3940 5125 min
3947 5084 4019 5126 us

2316 5177 2484 5230 recte
2509 5163 2990 5252 interpretantes
3034 5163 3366 5229 Gnosticos
3403 5186 3470 5229 se
3503 5163 3672 5251 ipsos
3708 5161 4019 5250 decepisse

2315 5269 2684 5358 pronuntiat
2711 5267 3001 5333 Plotinus
3029 5268 3132 5334 ΙΙ.
3163 5288 3222 5354 9.
3253 5290 3318 5355 p.
3347 5284 3491 5354 215.
3525 5269 3603 5333 F.
3627 5268 3755 5335 G.”

2403 5408 2490 5427 -
2513 5394 2613 5455 14.
2659 5374 2864 5457 ψυχᾶς
2907 5374 2975 5438 ἐν
3016 5370 3180 5451 τάξει
3220 5372 3364 5437 ἄνευ
3407 5377 3525 5436 τῶν
3566 5368 3883 5454 σωμάτων]
3936 5373 4017 5436 In

2317 5475 2416 5541 his
2446 5476 2590 5561 (ubi
2630 5475 2695 5540 in
2738 5497 2911 5562 seqq.
2943 5496 3060 5561 pro
3105 5476 3253 5538 κατὰ
3293 5474 3361 5537 τὸ
3389 5473 3648 5538 fortasse
3683 5471 4022 5560 legendum

2318 5592 2413 5645 est
2441 5579 2544 5738 κα21
2569 5580 2718 5644 aar&
2743 5577 2843 5662 τὸ)
2874 5573 3145 5643 tenenda
3169 5589 3318 5642 sunt
3343 5573 3451 5640 illa
3478 5575 3547 5638 ἐν
3572 5572 3737 5655 τάξει
3772 5587 3837 5640 et
3873 5580 4023 5642 κατὰ

2434 5688 2470 5740 s
3184 5714 3190 5719 .
