5118 6613
1103 563 1226 612 202

1103 720 1348 797 σώματα
1374 721 1623 800 μεριστὰ
1650 720 1840 798 μόνον
1871 720 1974 800 (τὰ
2004 722 2068 783 δὲ
2108 721 2533 800 σύμ-μόνον
2559 719 2788 784 desunt

1099 843 1201 906 ap.
1238 818 1482 902 Ho‘lst.)
1531 822 1607 883 Αἱ
1635 822 1699 883 δὲ
1728 821 2030 900 ποιότητες
2060 821 2153 885 καὶ
2181 825 2256 886 τὰ
2279 822 2462 887 ἔνυλα
2487 824 2628 901 εἴδη,
2653 820 2789 903 περὶ

1098 925 1175 985 τὰ
1202 924 1446 1002 σώματα
1474 921 1745 1002 μεριστά.
1809 922 2204 986 Conferenda
2229 937 2438 987 autem
2470 938 2617 987 sunt
2644 945 2785 987 cum

1103 1023 1220 1088 hoc
1267 1023 1423 1101 loct),
1476 1046 1622 1110 quae
1660 1047 1847 1111 supra
1896 1047 1964 1111 p.
2002 1027 2144 1088 216.
2198 1029 2284 1090 A.
2336 1025 2546 1112 posuit
2600 1025 2792 1090 Ploti-

1102 1150 1239 1190 nus.

1183 1254 1252 1317 p.
1288 1231 1435 1306 666,
1465 1248 1523 1314 3.
1558 1229 1627 1292 οὐ
1657 1232 1772 1310 γὰρ
1802 1231 2318 1314 ὅλη-ἐληλυθός]
2371 1232 2447 1294 In
2470 1230 2567 1295 his
2587 1255 2624 1295 a
2648 1231 2788 1295 Pla-

1103 1348 1246 1396 tone
1281 1330 1602 1395 dissentire
1652 1330 1963 1395 Plotinum
2012 1346 2350 1396 monstrare
2394 1333 2603 1397 studet
2658 1332 2790 1421 ipse

1102 1456 1244 1497 cum
1277 1434 1537 1498 Platone
1564 1432 1793 1497 faciens
1837 1433 2129 1496 Hermias
2170 1433 2232 1497 in
2282 1434 2621 1499 Phaedrum
2651 1459 2788 1523 cap.

1106 1539 1206 1600 28.
1241 1559 1304 1621 p.
1342 1554 1457 1617 147
1485 1535 1804 1614 ε-λάβοις
1833 1533 1880 1599 δ’
1903 1534 1977 1598 ἂν
2001 1538 2294 1610 ἐντεῦθεν,
2324 1538 2418 1600 ὅτι
2446 1540 2593 1601 κατὰ
2616 1538 2786 1601 Πλά-

1102 1665 1260 1703 τωνα
1289 1643 1455 1702 πᾶσα
1485 1638 1746 1702 κάτεισιν
1775 1640 1811 1717 ἡ
1847 1636 2039 1721 ψυχή,
2073 1641 2199 1720 εἴγε
2238 1638 2300 1706 ὃς
2342 1640 2585 1723 ἡνίοχός
2624 1642 2790 1704 ἐστιν

1102 1742 1277 1820 αὐτῆς
1303 1741 1371 1805 τὸ
1403 1743 1726 1823 ἀκρότατον
1755 1744 1826 1804 ὄν
1854 1750 2007 1824 φησι
2037 1743 2409 1816 κακύνεσθαι,
2438 1743 2532 1806 καὶ
2561 1743 2692 1825 οὐχ,
2714 1744 2791 1808 ὥς

1102 1853 1253 1926 φησι
1281 1850 1610 1917 Πλωτῖνος,
1641 1844 1709 1907 τὸ
1749 1846 1862 1922 μὲν
1890 1847 1990 1921 τῆς
2018 1844 2192 1923 αὐτῆς
2222 1844 2466 1919 κάτεισι,
2498 1843 2566 1908 τὸ
2597 1848 2661 1909 δὲ
2688 1844 2791 1924 μέ-

1102 1973 1194 2011 νει
1222 1949 1360 2011 ἄνω.
1453 1945 1587 2010 Alia
1636 1946 1715 2010 de
1762 1946 1876 2010 hac
1921 1944 2223 2009 sententia
2262 1970 2474 2032 quaere
2506 1947 2670 2011 infra
2706 1948 2785 2012 ad

1101 2048 1327 2113 librum
1360 2065 1603 2112 sextum
1637 2049 1826 2135 hujus
1860 2046 2198 2111 Enueadis.

1185 2189 1271 2203 -
1299 2172 1364 2237 5.
1415 2153 1479 2215 ἐκ
1521 2156 1622 2230 τῆς
1679 2150 2382 2233 ἀμερίστου-μεριστῆς]
2461 2152 2791 2239 Leguntur

1099 2255 1234 2320 haec
1285 2256 1347 2319 in
1400 2253 1679 2319 Platonis
1728 2253 1996 2331 Timaeo,
2040 2269 2102 2317 et
2159 2252 2403 2340 plenius
2454 2253 2791 2321 laudantur

1098 2360 1260 2423 infra
1288 2382 1353 2445 p.
1384 2361 1547 2444 364:
1599 2360 1682 2422 D.

1766 2546 1955 2609 LIB.
2021 2547 2121 2610 11.

1183 2692 1244 2755 p.
1294 2669 1442 2749 667,
1497 2685 1555 2748 7.
1604 2671 1795 2730 ΠΕΡΙ
1857 2670 2159 2731 ΟΎΣῙΑΣ
2217 2672 2500 2732 ΨΎΧΗΣ
2563 2665 2790 2752 [ΟΣ-

1097 2768 1919 2856 ΑΝΑΓΙΓΝΩΣΚΕΣΘΑΙ]
1969 2767 2165 2831 Liber
2195 2769 2528 2855 vigesimus
2556 2786 2622 2834 et
2664 2771 2791 2856 pri·

1098 2897 1239 2938 mus
1285 2897 1319 2936 e
1379 2871 1613 2936 ratione
1666 2871 1976 2956 temporis.
2077 2871 2456 2959 Porphyrius
2513 2873 2595 2937 de
2646 2873 2791 2937 Vita

1103 2974 1327 3040 Plotini
1357 2997 1495 3061 cap.
1532 2993 1629 3057 25.
1670 2972 1758 3037 ita
1803 2972 2117 3037 inscribit:
2165 2975 2301 3055 περὶ
2342 2975 2549 3042 οὐσίας
2589 2980 2789 3059 ψυχῆς

1099 3082 1393 3159 δεύτερον.
1485 3076 1636 3140 Alio
1677 3092 1883 3140 autem
1925 3077 2087 3153 loco,
2128 3100 2263 3162 cap.
2293 3098 2379 3156 4.,
2414 3078 2538 3142 ita:
2588 3086 2709 3147 πῶς
2750 3081 2787 3160 ἡ

1100 3182 1269 3265 ψυχὴ
1297 3185 1397 3259 τῆς
1442 3181 1759 3260 ἀμερίστου
1790 3179 1885 3242 καὶ
1916 3184 2192 3260 μεριστῆς
2219 3179 2425 3246 οὐσίας
2450 3180 2606 3261 μέση
2635 3182 2788 3246 εἶναι

1099 3283 1366 3367 λέγεται.
1458 3283 1705 3346 Neutro
1748 3303 1895 3346 vero
1931 3280 2119 3345 verba
2155 3280 2454 3368 agnoscit,
2485 3306 2632 3369 quae
2675 3306 2787 3348 nos

1101 3386 1341 3450 uncinis
1399 3384 1779 3462 inclusimus,
1838 3406 1982 3470 quae
2030 3406 2140 3447 nec
2197 3383 2258 3447 in
2319 3382 2490 3448 libris
2546 3384 2787 3473 aliquot

1102 3492 1329 3553 Mscrr.
1353 3489 1668 3576 leguntur.
1739 3487 2006 3553 Videtur
2023 3501 2227 3551 tamen
2254 3487 2368 3551 hoc
2396 3486 2598 3574 ipsum
2625 3488 2787 3576 glos-

1099 3614 1266 3655 sema
1292 3591 1355 3655 in
1386 3614 1571 3655 causa
1600 3589 1811 3667 fuisse,
1837 3612 1951 3654 cur
1979 3588 2201 3652 horum
2225 3588 2502 3676 priorum
2535 3592 2784 3655 Ennea.

1097 3694 1193 3758 dis
1221 3708 1463 3781 quartae
1490 3693 1792 3757 librorum
1821 3691 1978 3757 ordo
2020 3692 2427 3756 conturbatus
2455 3692 2535 3757 sit
2572 3694 2635 3756 in
2674 3693 2785 3758 ali-

1098 3813 1252 3885 quot
1302 3796 1503 3863 Codd.
1594 3796 1739 3865 Qua
1780 3794 1860 3860 de
1907 3819 1971 3859 rc
2023 3795 2326 3860 monitum
2368 3812 2460 3861 est
2499 3797 2564 3860 in
2603 3797 2789 3862 Varia

1098 3901 1391 3965 Lectione
1434 3898 1515 3962 ad
1551 3898 1737 3962 finem
1785 3897 1924 3962 libri
1970 3896 2168 3962 ultimi
2218 3898 2537 3963 Enneadis
2565 3899 2784 3964 tertiae.

1103 4002 1227 4066 Sed
1253 4002 1315 4064 in
1343 4001 1536 4087 hujus
1564 3998 1757 4086 ipsius
1778 3997 1918 4062 libri
1942 3999 2196 4064 secundi
2224 4000 2421 4079 initio,
2448 4000 2509 4064 ni
2537 4024 2789 4089 prorsus

1099 4103 1395 4181 fallimur,
1425 4101 1749 4188 vestigium
1782 4115 2099 4187 comparet
2127 4101 2394 4189 duplicis
2422 4104 2788 4169 recensionis

1099 4208 1319 4271 harum
1351 4205 1748 4280 Enneadum,
1796 4203 2239 4268 Eustochianoe
2287 4206 2497 4292 (cujus
2524 4207 2785 4271 mentio-

1101 4333 1243 4375 nem
1279 4308 1428 4373 facit
1467 4305 1754 4372 Scholion
1793 4306 1958 4371 infra
1997 4330 2060 4392 p.
2089 4325 2237 4391 423.
2278 4309 2350 4371 B.
2396 4309 2461 4372 in
2505 4308 2790 4396 plurimis

1105 4411 1444 4477 Codicibus
1472 4409 1857 4497 adpositum)
1887 4425 1950 4473 et
1981 4410 2443 4497 Porphyrianae.
2533 4412 2788 4476 Etenim

1103 4515 1434 4591 Eusebius,
1466 4514 1527 4577 in
1578 4513 2040 4600 Praeparatione
2093 4515 2341 4601 Evang.
2388 4514 2531 4579 XV.
2589 4534 2683 4577 10.
2724 4538 2787 4600 p.

1105 4620 1249 4682 811.
1283 4617 1381 4681 ed.
1415 4616 1638 4681 Colon.
1672 4616 1872 4680 locum
1905 4616 2244 4703 longiorem
2281 4616 2504 4681 Plotini
2544 4616 2790 4681 nomine

1104 4720 1381 4798 exhibet,
1405 4720 1538 4806 qui,
1560 4741 1701 4783 cum
1735 4719 1814 4783 de
1835 4718 2200 4784 Entelechia
2224 4718 2600 4784 Aristotelea
2620 4734 2787 4806 agat,

1105 4822 1184 4887 ad
1215 4822 1407 4909 hujus
1436 4820 1574 4886 libri
1619 4822 1873 4885 secundi
1913 4822 2156 4886 initium
2196 4822 2557 4887 referendus
2587 4823 2791 4887 videa-

1108 4942 1233 5003 tur,
1264 4947 1467 5012 neque
1499 4941 1704 4988 tamen
1734 4947 1875 4988 cum
1907 4924 2004 5002 iis,
2037 4948 2180 5010 quae
2210 4924 2272 4987 in
2310 4925 2538 4988 Plotini
2582 4926 2786 4991 Codd.

1109 5033 1307 5096 MSS.
1369 5043 1432 5094 et
1489 5028 1758 5093 editione
1814 5043 2080 5105 exstant,
2140 5029 2450 5113 congruit.
2547 5028 2789 5093 Eadem

1108 5133 1462 5200 Eusebiana
1494 5132 1792 5217 leguntur
1833 5131 2015 5196 etiam
2053 5130 2111 5194 in
2158 5130 2359 5194 Codd.
2395 5130 2788 5196 Vindobonn.

1111 5239 1247 5302 XI.
1280 5252 1342 5300 et
1388 5237 1584 5300 XIV.
1650 5234 1825 5316 (Vid.
1868 5234 2137 5299 Fabricii
2179 5232 2343 5297 Bibl.
2390 5235 2507 5297 Gr.
2546 5234 2682 5297 Vol.
2718 5237 2791 5297 V.

1111 5365 1175 5428 p.
1227 5341 1376 5423 698.
1434 5337 1584 5424 ibiq.
1641 5335 1925 5420 HarleS.)
2002 5335 2265 5400 Accedit
2324 5352 2385 5400 et
2441 5335 2559 5400 hoc
2618 5336 2790 5423 quod

1111 5442 1426 5506 Eusebius
1480 5440 1587 5504 illa
1646 5438 1997 5503 Plotiniana
2040 5439 2127 5502 ita
2172 5439 2402 5503 infert:
2452 5441 2789 5515 Πλωτίνου,

1116 5547 1181 5607 ἐκ
1208 5549 1311 5607 τοῦ
1348 5544 1482 5626 περὶ
1522 5543 1850 5608 ἀθανασίας
1891 5545 2091 5625 ψυχῆς
2129 5542 2418 5624 δευτέρου,
2458 5542 2603 5624 πρὸς
2628 5541 2791 5624 Ἀρι-

2077 545 2896 613 ANNOTATIONES
2960 547 3072 610 IN
3133 542 3584 610 PLOTINI

2871 718 3181 798 στοτέλην,
3228 716 3609 798 ἐντελέχειαν
3648 715 3755 793 τὴν
3800 714 4009 797 ψυχὴν
4055 712 4341 796 φήσαντα
4383 710 4556 774 εἶναι.

2875 820 3085 884 Locus
3114 820 3244 906 ipse
3282 818 3370 883 ita
3407 816 3657 903 incipit:
3706 818 3775 880 τὸ
3815 819 3880 881 δὲ
3920 821 4020 895 τῆς
4056 814 4432 898 ἐντελεχείας
4460 811 4552 876 ὧδ’

2875 924 2951 987 ἄν
2979 948 3065 989 τις
3105 921 3520 1004 ἑπισιτὴψαιτο,
3552 926 3673 986 πῶς
3700 920 3833 1001 περὶ
3861 923 4061 1002 ψυχῆς
4101 918 4364 999 λέγεται.
4457 917 4560 978 Se-

2874 1025 3091 1111 quitur
3128 1039 3417 1088 accurata
3450 1021 3797 1108 disquisitio
3838 1021 4033 1107 ipsius
4075 1019 4284 1107 placiti
4315 1017 4558 1081 Aristo·

2877 1127 3037 1203 telei‚
3071 1125 3240 1213 quod
3294 1125 3356 1188 in
3410 1125 3527 1189 hoc
3568 1124 3942 1189 Enneadum
3989 1123 4123 1187 loco
4162 1137 4398 1196 contra,
4433 1136 4562 1184 tan-

2874 1253 3060 1315 quam
3081 1229 3305 1293 falsum
3329 1252 3440 1291 nec
3455 1243 3674 1315 aptum
3692 1225 4082 1291 declarandae
4103 1225 4327 1289 animae
4347 1222 4561 1310 paucis

2875 1331 3640 1419 verbis-proetermittitur.
3731 1331 3879 1393 Jam
3933 1352 4074 1393 cum
4123 1350 4326 1414 neque
4364 1341 4561 1390 exstet

2877 1434 3187 1499 secundus
3217 1432 3449 1498 Plotini
3481 1433 3636 1497 liber
3679 1432 3758 1496 de
3796 1432 4264 1495 immortalitate
4292 1430 4558 1493 animae.-

2877 1537 3099 1602 merito
3141 1538 3271 1601 haec
3316 1559 3412 1600 res
3462 1535 3765 1600 mirationi
3795 1533 3919 1599 fuit
3962 1551 4023 1598 et
4075 1535 4185 1596 Fr.
4211 1530 4463 1619 Vigerio
4497 1530 4554 1593 in

2877 1641 3061 1704 Notis
3088 1640 3150 1703 in
3200 1640 3436 1704 Euseb.
3472 1662 3534 1726 p.
3571 1655 3670 1723 77.
3701 1654 3763 1702 et
3801 1640 3872 1702 J.
3896 1639 3971 1701 A.
4008 1635 4295 1700 Fabricio
4321 1635 4385 1697 iu
4416 1636 4555 1698 An-

2876 1757 3032 1807 nott.
3075 1742 3136 1807 in
3181 1742 3484 1828 Porphyr.
3515 1742 3595 1805 de
3635 1740 3779 1805 Vita
3817 1739 4051 1805 Plotini
4096 1762 4159 1826 p.
4198 1758 4342 1820 144.
4371 1736 4463 1804 lit.
4499 1759 4557 1799 u.

2876 1846 3040 1931 Ego,
3072 1860 3144 1909 ut
3182 1866 3377 1908 meam
3425 1842 3925 1929 qualemcunque
3962 1838 4329 1906 sententiam
4368 1837 4562 1925 expli-

2874 1971 3028 2026 cem,
3076 1971 3201 2012 rem
3248 1949 3337 2011 ita
3379 1945 3655 2034 expediri
3716 1969 3893 2033 posse
3935 1944 4342 2010 crediderim:
4393 1945 4557 2006 Con·

2875 2051 3196 2138 scripserat
3243 2073 3455 2138 reapse
3498 2049 3799 2127 Plotinus,
3828 2071 3974 2134 quae
4012 2046 4184 2134 apud
4214 2045 4557 2110 Eusebium

2874 2153 3172 2239 leguntur
3199 2169 3413 2217 contra
3436 2150 3861 2216 Entelechiam
3892 2149 4230 2237 disputata,
4253 2171 4401 2235 quae
4416 2170 4556 2234 pro·

2879 2256 3018 2321 vide
3067 2256 3129 2320 in
3184 2278 3356 2319 suam
3414 2254 3826 2319 recensionem
3877 2252 4108 2340 recepit
4158 2249 4559 2326 Eustochiu8‚

2876 2359 3042 2424 unde
3071 2383 3143 2423 ea
3172 2358 3488 2423 Eusebius
3516 2357 3839 2422 desumsit.
3907 2355 4288 2443 Porphyrius
4318 2369 4556 2427 contra,

2872 2462 3151 2527 infestior
3171 2461 3225 2525 ei
3255 2461 3576 2540 doctrinis,
3600 2474 3813 2547 postea
3835 2458 3930 2523 vel
3964 2457 4207 2523 Plotino
4231 2456 4555 2544 persuasit,

2876 2563 2972 2628 vel
3004 2564 3116 2629 sibi
3148 2565 3281 2652 ipse
3308 2563 3426 2627 hoc
3457 2561 3697 2638 sumsit,
3729 2577 3799 2625 ut
3843 2582 3959 2648 pro
3987 2583 4061 2624 ea
4094 2558 4559 2646 Disquisitione,

2874 2691 3061 2753 quam
3124 2666 3440 2732 Eusebius
3487 2664 3695 2741 habet,
3743 2685 3879 2728 eam
3931 2662 4262 2727 formulam
4312 2677 4561 2749 praeter-

2876 2768 3198 2846 missionis,
3227 2792 3415 2855 quam
3464 2768 3524 2832 in
3576 2784 3785 2831 nostro
3830 2765 4205 2830 Enneadum
4241 2765 4379 2829 loco
4416 2764 4562 2852 legi-

2875 2897 3032 2952 muS,
3063 2889 3407 2962 reponeret,
3439 2872 3750 2960 praecipue
3778 2893 3921 2935 cum
3953 2894 3991 2934 a
4020 2894 4084 2935 se
4114 2871 4250 2957 ipso
4277 2868 4562 2934 funditus

2872 3000 3143 3041 eversam
3190 2977 3366 3040 istam
3401 2975 3827 3044 Entelechiam
3860 2974 4110 3038 credere
4138 2989 4363 3060 posset.
4438 2973 4558 3037 Le-

2870 3080 3005 3166 gito
3057 3080 3203 3143 mihi
3250 3095 3441 3167 caput
3497 3102 3760 3166 sequens
3825 3079 4064 3160 (XVI.)
4121 3076 4405 3154 Eusebii‚
4454 3075 4558 3140 ubi

2872 3182 3265 3270 Porphyrius
3292 3182 3423 3269 ipse
3467 3197 3680 3247 contra
3716 3181 4141 3245 Entelechiam
4175 3180 4462 3267 insurgit,
4493 3179 4552 3242 in

2873 3285 2969 3351 his
2996 3284 3163 3350 haec:
3216 3287 3309 3372 (p.
3340 3288 3483 3348 812.
3513 3287 3623 3369 C.)
3655 3291 3777 3352 πῶς
3803 3287 3919 3367 ’γὰρ
3947 3285 4059 3367 οὐχ
4089 3283 4338 3367 αἰσχρὸς
4366 3286 4400 3347 ὁ
4420 3282 4555 3347 Ἐν·

2872 3388 3185 3472 τελέχειαν
3213 3389 3391 3455 τιθεὶς
3428 3390 3611 3470 λόγος
3641 3416 3690 3452 κ.
3715 3415 3767 3452 τ.
3793 3397 3889 3461 λ.;
3939 3387 4126 3465 Quod
4167 3409 4312 3451 vero
4349 3408 4561 3451 secun-

2871 3492 3021 3555 dum
3050 3490 3130 3553 de
3156 3489 3615 3555 immortalitate
3640 3489 3865 3554 librum
3907 3489 4059 3554 citat
4087 3490 4422 3567 Eusebius,
4451 3488 4560 3575 qui

2873 3594 2935 3657 in
2998 3592 3362 3657 Plotinianis
3419 3616 3542 3657 non
3602 3607 3838 3657 exstat:
3901 3591 4175 3680 primum
4234 3592 4558 3679 quaeritur,

2875 3710 3086 3760 utrum
3118 3718 3185 3759 re
3213 3718 3358 3759 vera
3400 3696 3715 3760 Eusebius
3754 3694 4258 3784 scripserim—{x
4298 3700 4404 3760 τοῦ
4428 3696 4561 3778 περὶ

2874 3800 3201 3865 ἀθανασίας
3227 3803 3428 3882 ψυχῆς
3455 3798 3765 3881 δευτέρους
3814 3821 3892 3862 an
3914 3797 4161 3886 potius:
4213 3824 4261 3862 ε.
4290 3824 4336 3861 τ.
4364 3823 4426 3861 π.
4458 3797 4554 3861 οὖ-

2874 3904 3010 3968 σίας
3036 3908 3111 3983 ψ.
3147 3906 3203 3965 δ.
3293 3900 3413 3965 Sed
3463 3900 3669 3987 potuit
3712 3900 3897 3964 etiam
3946 3900 4116 3964 hunc
4161 3899 4386 3965 librum
4427 3901 4560 3981 περὶ

2875 4005 3202 4070 ἀθανασίας
3256 4003 3585 4068 inscribere
3631 4001 3727 4066 vel
3780 4003 4165 4068 Eustochius
4212 4002 4307 4067 vel
4355 4004 4555 4067 Euse-

2875 4107 3036 4183 bius,
3065 4107 3215 4193 quia
3253 4129 3466 4171 omnes
3510 4105 3574 4169 hi
3613 4105 3750 4170 libri
3794 4106 3985 4192 hujus
4029 4105 4369 4183 EnneadiS,
4397 4121 4560 4169 certe

2876 4208 3149 4297 plurimi,
3178 4223 3241 4273 et
3283 4209 3383 4273 hic
3420 4209 3553 4295 ipse
3597 4208 3908 4272 secundus
3940 4208 4020 4272 ad
4051 4209 4455 4295 quaestionem
4486 4209 4560 4271 de

2873 4311 3341 4375 immortalitate
3382 4312 3584 4374 animi
3624 4310 3953 4397 pertinent.
4042 4313 4146 4375 Ac
4189 4334 4379 4398 supra
4408 4310 4560 4374 vidi-

2875 4435 3014 4476 mus
3034 4414 3155 4493 ‚(ad
3186 4413 3437 4478 titulum
3469 4413 3609 4479 libri
3641 4414 3825 4502 primi
3855 4437 3918 4501 p.
3950 4417 4105 4500 360.
4140 4417 4262 4499 A.)
4292 4415 4558 4479 eundem

2875 4514 3221 4579 Eusebium
3247 4514 3476 4580 Plotini
3506 4515 3732 4580 librum
3761 4517 3839 4580 de
3855 4515 4316 4581 immortalitate
4337 4516 4559 4580 animae

2875 4616 3231 4703 simpliciter
3258 4617 3514 4682 laudare
3550 4618 3643 4701 (P.
3670 4621 3752 4683 E.
3778 4618 3921 4682 XV.
3959 4622 4130 4700 22.):
4178 4619 4312 4701 περὶ
4340 4624 4560 4703 ψυχῆς.

2876 4722 3101 4807 Neque
3158 4720 3321 4785 enim
3369 4721 3518 4784 mihi
3568 4721 3925 4808 persuaderi
3972 4721 4210 4807 patiar:
4270 4723 4558 4809 Porphy-

2875 4825 3116 4889 rianum
3165 4824 3577 4888 recensionem
3623 4823 3890 4888 caruisse
3936 4822 4149 4910 aliquo
4203 4823 4364 4889 libro
4411 4824 4555 4888 Plo-

2876 4927 3130 5003 tinian0,
3172 4949 3357 5013 quem
3406 4926 3832 4991 Eustochiana
3859 4925 4185 4991 habuerit:
4242 4926 4403 4991 Utut
4434 4943 4555 4993 est:

2881 5031 3012 5093 Nos
3067 5027 3195 5106 illa,
3240 5052 3385 5115 quoe
3433 5028 3604 5115 apud
3653 5029 4000 5094 Eusebium
4057 5028 4372 5116 leguntur,
4418 5053 4560 5094 cum

2878 5132 2995 5195 hoc
3042 5132 3198 5197 libro
3245 5130 3680 5218 conjungenda
3721 5131 4096 5207 censuimuS,
4146 5154 4224 5196 ne
4271 5133 4566 5197 Lectores

2880 5234 3223 5321 quidquam
3274 5235 3713 5311 desiderarent,
3746 5234 3919 5320 quod
3958 5258 3995 5298 a
4049 5233 4297 5298 Plotino
4325 5236 4566 5321 profec-

2881 5354 3012 5401 tum
3045 5337 3143 5400 sit.
3234 5337 3491 5424 Anglice
3533 5360 3775 5401 versum
3816 5337 3985 5400 hunc
4031 5335 4258 5401 librum
4313 5338 4563 5414 exhibet

2881 5440 3162 5505 Thomas
3210 5439 3453 5528 Taylor
3491 5440 3553 5503 in
3586 5441 3787 5505 Select
3826 5441 4047 5504 Works
4074 5439 4466 5523 qulotinus
4501 5464 4565 5527 p.

2879 5562 3028 5627 309·
3061 5565 3193 5628 S‘lq·
