5118 6613
1331 547 1528 612 LIB.
1578 549 1636 612 1.
1682 547 2140 613 ENNEAD.
2188 547 2645 612 TERTIAE.
2690 569 2753 635 p.
2783 564 3144 632 414-423,

503 723 740 805 ἄλογοι*
786 722 846 785 οἱ
873 722 939 785 δὲ
976 719 1123 802 πρὸς
1149 719 1220 784 τὸ
1250 725 1368 784 τῶν
1397 721 1689 804 οὐρανίων
1719 720 1889 795 εἶδος,
1925 719 2126 784 εἰδικοὶ
2162 716 2199 799 ἢ

503 825 777 890 εζδετικοὶ
807 851 858 888 κ.
882 850 933 887 τ.
957 830 1019 888 λ.
1054 823 1291 888 Confer
1318 823 1504 887 etiam
1535 822 1863 887 Philonem
1892 821 2200 886 Judaeum

503 925 810 992 similibus
853 925 1241 1014 argumentis
1283 940 1590 990 astrorum
1636 926 1759 990 vim
1805 926 1870 990 in
1931 926 2200 990 actiones

502 1030 829 1096 hominum
859 1028 1331 1116 impugnantem
1379 1027 1539 1094 libro
1572 1031 1628 1094 Ι.
1675 1028 1756 1093 de
1805 1026 2202 1093 Providentia

501 1133 566 1199 in
596 1134 1008 1200 Semonibus
1053 1133 1257 1196 tribus
1301 1154 1505 1220 nuper
1544 1156 1619 1196 ex
1650 1132 1928 1196 versione
1973 1133 2200 1196 Arme-

503 1237 643 1302 nioa
668 1235 852 1301 editis
878 1259 917 1301 a
945 1237 1015 1302 J.
1040 1236 1116 1299 B.
1141 1235 1411 1300 Aucker.
1473 1234 1750 1300 Venetiis
1785 1237 1968 1301 1822.
2001 1256 2068 1321 p.
2091 1236 2195 1321 38·

591 1465 659 1530 p.
685 1462 838 1528 419,
881 1461 948 1526 5.
1014 1442 1205 1508 λίθοις
1247 1439 1857 1523 φερομένοις-εἶναι,
1905 1439 2042 1504 ἀλλ’
2092 1442 2197 1505 οὐκ

504 1544 856 1628 ἀνθρώποις]
907 1541 1143 1620 Pallor,
1173 1557 1285 1608 aut
1315 1542 1568 1611 Plotino
1596 1543 1732 1609 haec
1763 1543 2052 1608 scribenti
2080 1544 2191 1608 ob-

502 1646 867 1712 versabatur
906 1645 1185 1710 Platonis
1229 1644 1402 1711 locus
1444 1646 1507 1709 in
1559 1645 1803 1734 Hippia
1852 1646 2083 1733 majore
2125 1669 2189 1734 p.

506 1768 652 1835 292.
684 1750 787 1814 D:
834 1746 870 1828 ἢ
900 1751 961 1813 εἴ
983 1775 1084 1829 μοι
1111 1749 1489 1831 παρεκάθησο
1517 1750 1707 1825 λίθος,
1740 1749 1834 1813 καὶ
1863 1750 2033 1816 οὗτος
2080 1775 2189 1830 μυ-

500 1856 636 1920 λίας
660 1851 808 1932 μήτε
836 1849 959 1917 ὦτα
985 1851 1132 1933 μήτε
1155 1851 1498 1934 ἐγκέφαλον
1529 1852 1705 1936 ἔχων.
1776 1852 1977 1939 Lapis
2005 1853 2195 1916 mola-

502 1957 598 2021 ris
624 1954 907 2044 apprime
942 1954 1230 2041 congruit
1274 1956 1425 2040 λίθῳ
1473 1954 1805 2042 φερομένῳ.
1894 1953 2194 2019 Aristides

501 2057 674 2123 haud
702 2055 1078 2122 dissimiliter
1104 2057 1167 2121 in
1201 2059 1377 2122 Orat.
1412 2056 1574 2122 Plat.
1623 2057 1683 2120 in
1728 2055 1992 2121 Pericl.:
2040 2061 2106 2121 τί
2143 2060 2198 2122 εἰ

502 2159 581 2226 rc}
608 2159 973 2244 Περικλέους
998 2159 1122 2224 υἱέε
1149 2163 1298 2225 λίθω
1331 2159 1675 2242 ἐγενέσθην.
1723 2158 1895 2224 Hinc
1921 2159 1986 2223 in
2018 2159 2194 2225 Ada-

500 2263 606 2351 gio
633 2263 851 2328 retulit
878 2266 1182 2328 Erasmus
1208 2286 1277 2350 p.
1314 2264 1458 2328 268.
1552 2264 1656 2326 De
1700 2261 1821 2326 alio
1863 2261 2193 2350 proverbio

498 2368 659 2432 λίθοι
689 2368 786 2432 καὶ
814 2369 965 2446 ξύλα
993 2365 1177 2453 plura
1203 2365 1511 2452 congessit
1533 2367 1588 2429 F
1592 2364 1871 2430 rommel.
1895 2365 1975 2429 ad
2004 2365 2193 2429 Scho-

497 2467 659 2535 liast.
680 2468 978 2535 Aristidis
1005 2493 1070 2557 p.
1094 2470 1243 2551 418.
1267 2492 1360 2556 sq.
1409 2467 1783 2534 Adscribam
1815 2467 2019 2532 locum
2045 2466 2195 2531 Phi-

498 2572 655 2637 lonis
684 2573 730 2636 J
736 2571 900 2637 udaei
929 2571 1145 2636 eadem
1174 2572 1239 2636 in
1270 2571 1483 2636 eadem
1531 2594 1747 2636 caussa
1792 2568 2193 2634 similitudine

497 2675 730 2742 utentis
775 2675 840 2739 in
887 2697 1089 2762 nuper
1131 2674 1391 2762 repertis
1438 2673 1614 2738 libris
1664 2674 1745 2738 de
1790 2671 2193 2738 Providentia

497 2801 656 2844 verS.
702 2777 1060 2843 Armenicae
1102 2776 1202 2843 ed.
1252 2777 1523 2841 Aucher.
1595 2777 1813 2841 Venet.
1867 2777 2053 2842 1822.
2104 2776 2193 2840 ita

496 2881 658 2946 enim
691 2880 794 2945 ille
825 2883 1020 2946 Serm.
1051 2883 1110 2946 Ι.
1142 2903 1208 2968 p.
1232 2881 1341 2966 36.
1364 2886 1522 2943 :—“
1552 2879 1640 2944 ita
1671 2893 1742 2944 ut
1771 2902 1834 2943 se
1860 2879 2069 2966 ipsum
2114 2879 2190 2944 li-

495 2984 649 3050 bero
694 2983 952 3049 arbitrio
990 2983 1236 3073 privare
1265 2982 1407 3069 quis
1434 2982 1606 3061 velit,
1636 2998 1701 3048 et
1741 2982 2041 3048 adversus
2080 2982 2194 3048 ob-

487 3086 881 3176 jurgationes
906 3086 1307 3174 iniquitatum
1339 3085 1420 3150 ab
1447 3085 1585 3174 ipso
1612 3100 1998 3173 patratarum
2026 3110 2188 3174 prae-

497 3204 741 3256 textum
790 3189 906 3254 sibi
949 3211 1329 3278 comparare.
1396 3190 1600 3278 Lapis
1644 3191 1860 3276 utique
1905 3198 2190 3277 repertus

497 3293 723 3373 durus,
750 3316 886 3358 eam
915 3316 1108 3381 quam
1136 3291 1205 3357 in
1233 3291 1541 3380 pravitate
1578 3315 1787 3357 secum
1816 3291 2056 3358 ferebat
2083 3317 2191 3357 vo-

497 3396 827 3473 luntatem,
854 3396 1029 3461 haud
1068 3398 1175 3461 sui
1215 3396 1463 3461 consilii
1495 3398 1759 3483 proprii
1802 3418 1961 3484 opus
2005 3396 2190 3460 dicti-

499 3509 665 3578 tans,
692 3500 805 3564 secl
830 3508 1152 3564 astrorum
1188 3500 1262 3562 in
1300 3499 1445 3563 caelo
1481 3501 2021 3577 circumactorum,
2051 3521 2191 3587 φησι

498 3605 832 3692 qualitates
861 3611 1139 3667 motuum
1166 3603 1522 3668 necessario
1546 3605 1620 3666 in
1649 3603 1884 3666 animis
1909 3603 2192 3689 sing-ndis

491 3706 885 3795 perficiant?

580 3845 670 3858 -—
707 3827 804 3874 12.
835 3813 957 3876 τοῖς
984 3813 1131 3891 γοῦν
1159 3811 1441 3890 γονεῦσιν
1470 3808 1687 3893 ὅμοιοι]
1726 3806 1871 3871 Vid.
1905 3805 2186 3872 Ciceron.

432 3956 437 3959 Δ
499 3910 788 3976 Tuscull.
823 3913 879 3976 I.
910 3930 1017 3997 32.
1051 3924 1115 3976 et
1142 3911 1223 3976 cf.
1258 3909 1709 3998 Wyttenbach.
1751 3909 1831 3974 ad
1864 3909 2187 3975 Plutarch.

496 4013 577 4079 de
608 4015 843 4079 S.N.V.
873 4036 938 4101 p.
968 4013 1069 4095 84.
1119 4037 1183 4101 p.
1216 4015 1364 4094 408.
1397 4012 1498 4077 ed.
1523 4015 1730 4077 Oxon.
1807 4012 2002 4078 Adde
2031 4014 2193 4077 Gre-

493 4117 738 4206 gorium
774 4118 1136 4203 Nyssenum
1164 4115 1244 4180 de
1273 4116 1501 4180 Anima
1529 4139 1591 4205 p.
1619 4135 1722 4202 93.
1752 4116 1830 4180 B.
1865 4115 1966 4181 ed.
1991 4116 2187 4179 Paris

495 4242 640 4284 ann.
680 4220 865 4305 1638.
898 4218 1010 4306 qui
1037 4219 1201 4284 hanc
1232 4218 1575 4308 Chrysippi
1608 4218 1972 4284 sententiam
2002 4218 2188 4284 etiam

494 4322 723 4411 attigit.

578 4448 643 4513 p.
674 4444 828 4506 420,
856 4446 921 4511 3.
970 4428 1028 4490 οἱ
1073 4427 1266 4508 ὄρνεις
1307 4426 1596 4506 ποιητικοὶ
1642 4428 1726 4491 ὧν
1765 4426 2187 4514 σημαίνουσιν]

493 4527 642 4593 vid.
676 4527 1012 4615 Origenem
1041 4527 1104 4592 in
1138 4527 1412 4593 Genesin
1447 4530 1533 4593 T.
1564 4530 1621 4593 I.
1655 4551 1723 4616 p.
1754 4548 1853 4613 17.
1887 4528 2018 4594 Ed.
2048 4530 2189 4593 Ru-

494 4631 569 4695 aei
594 4630 746 4718 ibiq.
782 4633 987 4696 Huet.
1018 4630 1101 4696 cf.
1132 4654 1321 4719 supra
1352 4632 1454 4695 ΙΙ.
1483 4651 1546 4717 3.
1580 4651 1643 4718 3.
1676 4633 1787 4696 fin.
1817 4654 1884 4719 p.
1924 4652 2065 4719 139.
2096 4634 2184 4696 A.

490 4733 644 4823 ibiq.
676 4737 921 4799 Annot.

570 4874 661 4887 —
693 4857 796 4901 11.
842 4837 958 4902 Καὶ
998 4838 1117 4918 μὴν
1161 4838 1258 4902 καὶ
1299 4836 1530 4920 γονέων
1559 4838 1743 4921 τύχας
1787 4864 1838 4902 κ.
1864 4864 1919 4902 τ.
1936 4838 2028 4922 λ.]
2077 4837 2180 4902 Cf.

491 4940 831 5029 origenem
876 4939 940 5005 in
974 4939 1269 5006 Genesin.
1316 4963 1383 5028 p.
1421 4961 1521 5021 14.
1572 4942 1659 5004 T.
1694 4941 1753 5004 I.
1798 4939 1988 5005 Ruaei
2028 4940 2181 5027 ibiq.

495 5044 699 5108 Huet.

571 5169 637 5234 p.
667 5163 822 5227 422,
853 5164 916 5230 3.
962 5146 1438 5228 ἀναγιγνώσκειν
1466 5148 1543 5210 τᾶ
1569 5144 1877 5225 μέλλοντα
1917 5173 1968 5210 κ.
2001 5169 2053 5208 τ.
2086 5143 2183 5231 λ.]

492 5250 602 5314 Ad
628 5247 768 5313 haec
805 5247 870 5312 in
913 5270 1111 5334 marg.
1145 5247 1277 5312 Ed.
1322 5248 1444 5312 hoc
1486 5247 1759 5313 scholion
1806 5246 2187 5335 adscriptum

488 5364 617 5415 est:
677 5356 802 5419 πῶς
848 5348 1021 5432 λέγει
1071 5353 1147 5414 τὰ
1193 5349 1501 5430 μέλλοντα
1552 5355 1879 5431 δηλοῦσθαι
1928 5353 2025 5414 διὰ
2073 5355 2191 5415 τῶν

490 5454 772 5537 ἆστρόων
800 5458 1250 5536 σχηματισμῶν.

3859 562 3978 631 139

2284 719 2366 784 ad
2396 743 2461 807 p.
2496 738 2640 806 230.
2676 720 2752 783 F.
2786 718 2913 783 sive
2939 717 3022 783 ad
3051 717 3272 805 capitis
3315 716 3523 803 quarti
3567 716 3834 795 initium,
3865 715 3977 781 ubi

2287 821 2679 887 Heraclitum
2712 821 2765 909 ej
2775 845 2973 909 usque
3003 834 3330 885 sectatores
3363 819 3602 884 Stoicos
3645 818 3760 884 hac
3807 818 3869 882 in
3912 842 3977 883 re

2285 929 2542 994 vocibus
2573 928 2810 1011 σπέρμα
2839 932 2939 1007 τῆς
2964 928 3278 1010 γενέσεως,
3311 952 3416 990 σπ.
3450 951 3503 989 τ.
3537 924 3978 1004 διακοσμήσεως

2284 1048 2348 1096 et
2366 1034 2653 1120 gignere
2684 1030 2774 1095 uti
2805 1029 3298 1095 monstravimus.
3386 1027 3580 1092 Adde
3617 1027 3789 1114 quod
3835 1027 3902 1090 h.
3932 1026 3976 1091 l.

2282 1135 2447 1199 infra
2484 1134 2601 1200 sub
2630 1135 2816 1198 finem
2846 1133 3066 1221 capitis
3106 1146 3371 1220 usurpat
3400 1131 3689 1197 Plotinus
3735 1136 3835 1212 τῆς
3882 1134 3978 1215 ὀρ-

2281 1237 2867 1320 μῆς-γεννωμένης,
2899 1249 2961 1302 et
2987 1260 3124 1324 cap.
3154 1259 3280 1322 seq.
3311 1234 3517 1299 initio:
3567 1234 3637 1299 οὗ
3665 1233 3981 1318 γινομένης

2276 1342 2379 1416 καὶ
2409 1342 2585 1421 αὐτῆς
2615 1342 2816 1422 ὥσπερ
2845 1344 2919 1404 τᾶ
2948 1342 3110 1405 ἄλλα
3141 1341 3206 1403 ἑκ
3235 1337 3608 1421 σπερμάτων.
3673 1337 3799 1402 His
3827 1336 3977 1426 ipsis

2280 1443 2585 1509 refellitur
2611 1444 2966 1529 conjectura
2996 1440 3345 1508 Orelliana:
3391 1442 3845 1523 πραγματικούς.

2347 1565 2545 1610 -12,
2579 1545 3339 1633 εἰλημμένων-εἴληπται]
3376 1543 3611 1608 Confer
3639 1566 3716 1607 ex
3747 1567 3886 1631 cap.
3911 1565 3976 1630 9.

2277 1647 2516 1714 πάντων
2562 1651 2629 1714 δὲ
2675 1649 3029 1732 ληφθέντων
3057 1654 3174 1712 τῶν
3205 1650 3425 1713 αἰτίων.
3497 1648 3792 1734 Utroque
3838 1645 3976 1712 loco

2279 1765 2397 1816 est:
2430 1754 2644 1818 causis
2670 1752 3146 1840 comprehensi-5,
3177 1764 3239 1816 et
3270 1750 3356 1816 ita
3383 1749 3610 1838 saepius
3637 1749 3976 1832 λαμβάνειν

2279 1852 2359 1917 de
2409 1853 2562 1919 fato.
2649 1855 2896 1919 Eadem
2945 1854 3248 1919 sententia
3302 1853 3668 1918 Herodotus
3713 1866 3976 1940 usurpat

2279 1956 2414 2025 θεὸς
2440 1959 2744 2039 λαμβάνει
2772 1962 2907 2023 τινὰ
2935 1959 2991 2022 I.
3023 1977 3134 2044 31.
3173 1958 3313 2022 108.
3360 1957 3478 2021 IV.
3512 1973 3785 2042 79.—ne
3813 1954 3976 2021 forte

2277 2059 2419 2147 quis
2467 2060 2753 2148 conjiciat
2805 2060 3153 2142 εἰλημένονε
3216 2059 3506 2123 omnibus
3555 2058 3755 2123 causis
3805 2067 3975 2122 arcte

2275 2163 2582 2228 conclmis
2610 2177 2673 2227 et
2701 2163 2879 2250 quasi
2908 2165 3283 2242 constrictis,
3307 2186 3346 2226 a
3368 2162 3558 2226 verbo
3581 2161 3774 2236 εἰλέω,
3800 2160 3973 2247 quod

2276 2263 2426 2330 alias
2454 2288 2567 2330 nec
2596 2266 2799 2354 ipsum
2847 2266 3022 2330 abest
3047 2290 3085 2330 a
3112 2265 3225 2330 fati
3270 2264 3735 2352 significatione.
3826 2262 3967 2328 vid.

2280 2367 2635 2455 Dionysum
2668 2392 2875 2433 meum
2909 2393 2975 2457 p.
2996 2372 3097 2450 76.
3141 2368 3246 2433 ubi
3277 2367 3357 2432 de
3384 2367 3742 2431 confusione
3775 2370 3974 2447 εἰλημ-

2276 2468 2461 2548 μένον
2489 2484 2554 2534 et
2584 2470 2890 2551 εζλημένος
2915 2470 3102 2558 plura
3127 2469 3415 2557 exempla
3440 2468 3646 2534 attuli.

2363 2609 2447 2623 --
2482 2576 2582 2638 16.
2628 2576 2743 2655 ὅπη
2788 2573 2863 2638 ἂν
2911 2576 3109 2638 ἐκεῖνα
3156 2574 3308 2661 ὠθῇ]
3358 2573 3462 2637 Cf.
3510 2595 3701 2659 supra
3733 2594 3871 2659 cap.
3902 2590 3964 2657 3.

2277 2675 2542 2741 ὠθοῦντα
2569 2677 2717 2756 ἡμᾶς
2745 2678 2948 2758 ὥσπερ
2976 2678 3189 2761 ἄψυχα
3216 2682 3333 2753 ζῶα
3360 2690 3424 2739 et
3451 2674 3641 2762 legito
3669 2675 3804 2740 haec
3826 2672 3973 2739 Pla-

2276 2777 2439 2842 tonis
2476 2776 2540 2842 in
2576 2777 2857 2867 Cratylo‚
2891 2778 2999 2843 ubi
3044 2778 3241 2867 ipsius
3275 2776 3580 2843 Heracliti
3627 2777 3859 2842 mentio
3897 2778 3970 2841 fit

2274 2903 2341 2967 p.
2374 2900 2526 2961 401.
2558 2883 2658 2946 D:
2708 2883 2844 2946 ὅσοι
2890 2880 2938 2946 δ’
2971 2882 3044 2946 αὖ
3088 2882 3295 2956 ὠσίαν,
3329 2883 3551 2966 σχεδόν
3589 2906 3645 2944 τι
3689 2882 3763 2945 αὖ
3810 2882 3971 2945 οὗτοι

2278 2983 2404 3048 καθ’
2432 2982 2832 3067 Ἡράκλειτον
2860 2983 2936 3049 ἂν
2962 2986 3202 3067 ἡγοῖντο
3232 2988 3305 3049 τᾶ
3329 2987 3474 3048 ὄντα
3504 2984 3656 3048 ἰέναι
3682 3009 3749 3048 τε
3777 2983 3974 3047 πάντα

2280 3090 2374 3152 καὶ
2415 3087 2620 3169 μένειν
2660 3087 2852 3152 οὐδέν·
2895 3088 2964 3151 τὸ
3012 3088 3118 3152 οὖν
3169 3091 3358 3151 αἴτιον
3405 3088 3501 3151 καὶ
3540 3086 3608 3151 τὸ
3660 3085 3776 3169 (ita
3805 3085 3966 3150 Cod.

2278 3191 2556 3255 Darmst.
2602 3205 2666 3255 et
2696 3189 2998 3275 Bekker.)
3042 3189 3308 3274 ἀρχηγὸν
3351 3190 3543 3254 αὐτῶν
3587 3189 3739 3253 εἶναι
3779 3189 3847 3254 τὸ
3892 3189 3968 3253 ὠ-

2275 3297 2437 3369 θοῧν,
2471 3294 2614 3358 ὅθεν
2642 3293 2712 3374 δὴ
2742 3299 2933 3362 καλῶς
2962 3293 3126 3378 ἔχειν
3155 3293 3296 3358 αὐτὸ
3324 3290 3550 3358 Ὠσίαν
3579 3292 3942 3374 ὠνομάσθαι.

2357 3420 2423 3484 p.
2452 3417 2604 3483 423,
2641 3416 2701 3462 2.
2748 3399 3016 3461 τοιοῦτόν
3042 3423 3108 3461 τε
3137 3395 3204 3460 τὸ
3232 3395 3521 3478 ἡμέτερον
3553 3396 3723 3460 ἔσται
3753 3424 3805 3461 κ.
3829 3423 3882 3460 τ.
3902 3405 3964 3462 λ.

2272 3506 2551 3565 -Τοῦτο
2606 3503 2671 3564 δὲ
2709 3501 2805 3564 καὶ
2853 3499 3071 3566 πάντες
3119 3498 3397 3586 ὁρῶντες]
3448 3498 3716 3562 Videtur
3749 3497 3970 3564 Stoicis

2274 3601 2530 3689 obloqui
2563 3602 2874 3668 Plotinus.
2969 3602 3112 3667 Vid.
3147 3602 3278 3666 Cic.
3312 3601 3391 3665 de
3420 3604 3572 3667 Nat.
3604 3603 3831 3666 Deorr.
3865 3603 3963 3666 11.

2279 3724 2381 3771 22.
2409 3705 2520 3770 ubi
2549 3729 2613 3792 p.
2638 3725 2783 3791 293.
2816 3705 2916 3769 ed.
2949 3718 3178 3769 nostrae
3206 3720 3270 3768 et
3299 3706 3471 3768 Mos.
3503 3704 3770 3768 conferri
3793 3704 3969 3769 volu-

2270 3808 2438 3873 imus
2496 3807 2906 3874 Plutarchum
2982 3805 3060 3872 de
3120 3806 3468 3871 Stoicorum
3526 3808 3828 3895 Repugn.
3900 3830 3963 3895 p.

2282 3930 2468 3996 1050.
2499 3935 2594 3999 sq.
2622 3934 2689 3999 p.
2720 3930 2865 3996 279.
2898 3934 3035 3997 sqq.
3080 3909 3180 3975 ed.
3215 3909 3543 3997 Wyttenb.
3635 3911 3817 3975 Tene
3857 3934 3969 3976 au-

2275 4028 2400 4081 tem
2430 4015 2566 4080 haec
2594 4014 2785 4080 verba
2816 4012 3050 4078 Tullii:
3124 4020 3171 4053 “
3204 4012 3304 4078 Sic
3334 4026 3560 4077 natura
3587 4013 3808 4078 mundi
3837 4036 3969 4078 om-

2275 4141 2384 4183 nes
2426 4134 2635 4182 motus
2676 4117 2868 4182 habet
2906 4115 3305 4195 voluntarios»,
3335 4129 3740 4203 conatusque,
3771 4133 3834 4182 et
3861 4140 3972 4205 ap-

2273 4220 2628 4309 petitiones,
2659 4243 2815 4306 quas
2844 4223 3025 4303 ὁρμῒις
3053 4219 3262 4284 Graeci
3288 4220 3572 4282 vocant.''

2358 4360 2447 4372 --—
2467 4343 2533 4408 5.
2583 4325 2645 4387 αὶ
2670 4323 2851 4406 πυρὸς
2878 4323 3077 4408 ὁρμαὶ]
3130 4322 3308 4410 Ignis
3336 4321 3628 4409 impetus»,
3661 4335 3875 4387 nostro
3903 4322 3967 4388 in

2275 4426 2411 4491 loco
2431 4426 2513 4491 ad
2543 4442 2787 4491 naturae
2811 4425 3271 4491 conversionem
3301 4424 3616 4512 pertinent
3637 4424 3970 4513 ipsumque

2271 4529 2430 4595 adeo
2460 4531 2506 4594 J
2509 4552 2690 4594 ovem
2720 4552 2798 4593 ex
2832 4528 3178 4594 Stoicorum
3225 4527 3508 4606 decretiS,
3547 4527 3754 4592 omnia
3796 4528 3861 4592 in
3906 4553 3970 4594 se

2270 4645 2755 4697 convertentem.
2825 4629 3129 4696 Formula
3173 4647 3382 4695 autem
3428 4632 3501 4711 νὴ
3546 4633 3667 4696 Δία
3715 4632 3973 4720 ponitur

2271 4735 2334 4800 h.
2357 4734 2398 4799 l.
2430 4759 2543 4822 pro
2586 4736 2680 4800 καὶ
2724 4737 2809 4810 δὲ,
2845 4735 2946 4822 καί
2983 4760 3056 4817 γε
3100 4734 3192 4814 δὴ,
3222 4743 3407 4821 atque
3448 4735 3625 4813 aden,
3654 4734 3971 4823 habetque

2272 4838 2433 4904 hane
2474 4849 2870 4927 potestatem,
2901 4852 2974 4903 ut
3016 4838 3080 4901 in
3125 4837 3413 4925 pluribus
3458 4837 3814 4903 nominibus
3858 4852 3972 4905 aut

2272 4942 2476 5008 verbis
2507 4942 2730 5007 ultimo
2757 4941 3094 5029 praeposita
3137 4942 3327 5028 hujus
3354 4941 3478 5005 vim
3525 4940 3830 5022 intendat,
3859 4942 3969 5007 do-

2270 5059 2448 5111 cente
2470 5044 2962 5132 Wyttenbachio
2985 5044 3067 5108 ad
3092 5043 3416 5108 Plutarchi
3448 5044 3703 5111 Morall.
3732 5069 3798 5134 p.
3818 5048 3965 5132 506.

2275 5150 2420 5213 Hoc
2448 5147 2586 5213 loco
2612 5163 2821 5213 autem
2854 5146 3227 5236 poenultimo
3249 5147 3529 5212 membro
3555 5147 3966 5236 praepositum

2273 5250 2581 5317 videmuS.

2360 5392 2449 5404 —
2478 5375 2539 5441 9.
2585 5356 2695 5421 Τίς
2722 5355 2829 5419 οὖν
2858 5356 3018 5434 ἄλλη
3048 5355 3208 5418 αἰτία
3253 5382 3306 5417 κ.
3325 5379 3379 5418 τ.
3398 5354 3490 5438 λ.]
3543 5350 3844 5438 Disputat
3887 5350 3967 5416 de

2274 5455 2373 5520 his
2402 5456 2874 5522 Tiedemannus
2900 5458 2977 5521 de
3008 5458 3242 5523 Consi-5
3266 5455 3673 5544 philo-§ophite
3700 5463 3968 5519 contem-

556 5558 714 5622 -8.
745 5558 969 5640 λόγους
997 5556 1449 5642 σπερματικοὺς]
1489 5555 1726 5621 Confer
1750 5571 1964 5622 annot.
1992 5570 2184 5623 nostr.
2259 5559 2530 5647 plativae
2559 5560 2702 5624 111.
2733 5581 2803 5647 p.
2822 5562 2975 5647 360.
3023 5582 3227 5646 neque
3268 5573 3472 5625 tamen
3516 5555 3734 5636 credit,
3765 5557 3966 5648 impe-

2372 5655 2507 5719 ΤΞ
