5118 6613
1153 594 1239 676 56

1153 761 1549 850 quentissime
1567 762 1860 850 jungitur
1883 762 2264 828 substantivo
2294 764 2530 832 κάλλος.
2586 764 2813 830 Plotin.

1154 863 1233 928 de
1260 865 1454 930 intell.
1474 866 1738 953 pulerit.
1769 865 1988 933 κάλλος
2016 864 2320 950 ἀμήχανον
2350 868 2559 951 (θεῶν)
2584 890 2646 954 p.
2666 884 2813 953 544.

1154 969 1232 1032 C.
1280 967 1360 1031 cf.
1412 984 1559 1053 549.
1606 968 1690 1032 D.
1770 969 1864 1033 Io.
1917 968 2236 1056 chrysost.
2300 968 2536 1033 Homil.
2587 970 2705 1035 VI.
2755 968 2817 1034 in

1156 1069 1356 1133 Hebr.
1386 1093 1446 1157 p.
1480 1072 1627 1152 467.
1659 1093 1724 1159 p.
1759 1072 1906 1135 666.
1972 1069 2188 1159 Cyn-ill.
2237 1069 2413 1136 Alex.
2460 1095 2670 1160 expos,
2724 1095 2821 1136 or-

1156 1170 1410 1236 thodox.
1439 1170 1584 1237 fidei
1612 1196 1674 1259 p.
1705 1192 1852 1259 430.
1933 1173 2147 1237 Habet
2174 1189 2383 1238 autem
2419 1189 2627 1240 noster
2652 1173 2821 1240 locus

1156 1294 1330 1338 suam
1371 1273 1683 1361 quandam
1728 1274 2116 1355 suavitatem,
2157 1299 2234 1340 ex
2272 1275 2469 1362 specie
2513 1277 2819 1364 oxymori,

1153 1375 1323 1462 quod
1382 1390 1474 1441 est
1522 1374 1585 1440 in
1641 1375 1759 1441 illis
1811 1378 2453 1463 μηχανὴ-ῲήχανον.
2532 1378 2822 1445 Similiter

1157 1477 1437 1542 Isidorus
1465 1477 1673 1543 Pelus.
1715 1480 1854 1544 111.
1889 1480 2092 1568 Epist.
2125 1483 2264 1546 160.
2296 1503 2361 1567 p.
2393 1501 2540 1567 321.
2578 1483 2673 1546 καὶ
2711 1509 2818 1563 μη-

1155 1582 1343 1663 χανὰς
1391 1582 1455 1661 ἐξ
1504 1583 1830 1665 ἀμηχανίας
1880 1584 2152 1664 εὑρίσκει.
2223 1583 2417 1649 Plane
2460 1584 2548 1649 ita
2600 1584 2815 1673 Cyrill.

1155 1680 1456 1747 Alexand.
1488 1683 1551 1747 in
1584 1685 1797 1771 Hagg.
1830 1684 1887 1749 I.
1922 1709 1984 1772 p.
2018 1687 2164 1772 630.

1239 1808 1301 1871 p.
1336 1803 1478 1865 112,
1513 1805 1570 1850 2.
1620 1787 1747 1851 οἷον
1798 1787 1970 1853 ἔνδον
2019 1790 2086 1851 ἐν
2133 1789 2323 1870 ἁγίοις
2378 1791 2551 1871 ἱεροῖς
2605 1789 2817 1879 μένον]

1157 1887 1342 1967 Quod
1384 1889 1588 1977 Wytt.
1640 1888 1706 1952 in
1744 1888 1945 1976 Epist.
1993 1889 2125 1954 crit.
2172 1913 2236 1978 p.
2286 1909 2428 1977 250.
2481 1892 2820 1979 conjecerat

1160 1989 1482 2073 ἱδρυμένον,
1512 1989 1668 2055 illud
1699 2012 1865 2055 nunc
1901 1991 1964 2055 in
1999 1991 2116 2057 hac
2156 1992 2546 2060 annotatione
2585 1993 2823 2060 silentio

1156 2092 1411 2179 pressit;
1459 2108 1521 2158 et
1569 2106 1732 2157 recte
1784 2092 2008 2158 habere
2051 2093 2368 2182 vulgatam
2416 2112 2691 2184 arguunt
2728 2121 2821 2162 se-

1157 2194 1441 2281 quentia:
1490 2196 1623 2260 οὐδὲ
1650 2197 1858 2277 προϊόν
1887 2199 1968 2264 εἷς
1995 2198 2063 2261 τὸ
2100 2198 2228 2276 ἔξω.

1240 2297 1325 2362 111.
1362 2300 1459 2362 ἵνα
1485 2324 1572 2365 τις
1598 2298 1692 2361 καὶ
1724 2297 1994 2379 βέβηλος
2031 2300 2157 2388 ἴδῃ]
2189 2299 2523 2387 Orphicam
2568 2300 2822 2366 locutio-

1157 2422 1296 2464 nem
1324 2422 1538 2465 rursus
1564 2398 1908 2489 desumpsit
1934 2425 2009 2466 ex
2045 2403 2326 2490 Sympos.
2360 2425 2423 2489 p.
2453 2422 2558 2489 33.
2621 2404 2723 2468 De
2749 2425 2822 2468 ea

1155 2501 1282 2567 vid.
1329 2502 1667 2568 Ruhnken.
1716 2502 1797 2567 ad
1829 2502 1997 2568 Tim.
2040 2528 2100 2591 p.
2135 2507 2238 2569 60.
2328 2505 2693 2593 Wesseling.
2738 2505 2819 2571 ad

1156 2604 1380 2669 calcem
1412 2604 1703 2670 Valcken.
1737 2603 1816 2669 de
1847 2604 2204 2670 Aristobulo
2232 2607 2279 2669 J
2285 2606 2465 2671 udaeo
2494 2631 2558 2695 p.
2590 2628 2727 2694 130.
2759 2623 2821 2673 et

1156 2704 1528 2794 Valperyam
1557 2706 1621 2771 iu
1651 2707 1855 2795 Epist.
1891 2706 2046 2773 Crit.
2078 2730 2140 2795 p.
2173 2726 2270 2793 15.
2304 2731 2439 2795 sqq.

1242 2844 1329 2858 —
1348 2828 1411 2888 4.
1457 2811 1539 2876 εἰς
1582 2812 1685 2877 τὰς
1731 2809 2014 2891 προτέρας
2059 2809 2310 2891 ἀγλαΐας
2357 2810 2671 2899 σωμάτων]
2720 2812 2822 2876 De

1158 2910 1276 2974 hac
1327 2933 1476 2975 voce
1524 2910 1705 2997 plura
1750 2909 1815 2974 in
1862 2910 1987 2975 Ed.
2034 2910 2234 2999 pecul.
2296 2913 2485 2977 Nunc
2540 2913 2823 2978 excitabo

1160 3011 1422 3077 Homeri
1472 3012 1695 3102 Odyss.
1745 3014 1978 3078 XVII.
2030 3033 2172 3094 244.
2229 3014 2820 3097 ἀγλαΐας-ἁπάσας,

1162 3113 1606 3179 “insolentiam
1635 3115 1758 3179 late
1788 3116 2223 3202 grassantem.”
2264 3116 2343 3182 cf.
2380 3117 2589 3181 XIX.
2626 3119 2726 3182 82.
2758 3130 2822 3182 et

1159 3216 1455 3304 Apollon.
1479 3218 1629 3282 Iex.
1656 3219 1848 3282 Hom.
1881 3241 1943 3305 p.
1972 3238 2069 3304 13.
2118 3217 2328 3298 Tollii,
2350 3218 2498 3306 ibiq.
2530 3219 2815 3309 interprr.

1163 3319 1445 3384 Plotinus
1471 3345 1537 3409 p.
1575 3340 1716 3407 299.
1751 3324 1784 3385 ὁ
1816 3325 1991 3401 κῆπος
2017 3326 2121 3386 τοῦ
2150 3323 2293 3390 Διὸς
2323 3321 2360 3402 ἢ
2397 3326 2471 3387 τὰ
2508 3323 2823 3406 ἀγάλματα

1161 3423 1339 3487 αὐτου
1312 3427 1340 3444 ’“
1382 3423 1475 3487 καὶ
1520 3426 1596 3487 τὰ
1637 3422 2034 3506 ἆγλαΐσματα.
2123 3424 2257 3489 Ν88
2298 3437 2507 3489 nostro
2556 3424 2692 3489 loco
2735 3441 2822 3490 te-

1159 3547 1326 3590 mere
1374 3524 1628 3613 pluralis
1682 3526 1919 3613 positus
1966 3540 2076 3591 est.
2140 3525 2295 3591 Vult
2344 3526 2506 3591 enim
2563 3526 2824 3616 intelligi

1158 3627 1593 3717 philosophus.
1639 3649 1889 3693 veneres
1915 3639 2395 3717 ornamentaque
2413 3630 2821 3717 pulchrorum

1154 3752 1480 3817 corporum
1525 3731 1785 3819 indeque
1838 3741 2025 3796 natas
2079 3732 2367 3797 delia-iae.-
2437 3735 2566 3798 Die
2612 3756 2826 3821 ganze

1156 3833 1394 3897 Pracht
1419 3833 1553 3896 und
1577 3834 1697 3896 alle
1722 3835 2068 3898 sinuliehen
2096 3836 2286 3899 Reize
2314 3836 2601 3900 schoener
2629 3838 2826 3901 Koer-

1152 3955 1287 4021 per.
1374 3933 1686 3998 Pluralem
1728 3934 2001 4000 imitatus
2041 3950 2134 4001 est
2176 3936 2410 4002 Plotini
2454 3937 2630 4003 simia
2673 3939 2826 4005 Dio-

1159 4034 1393 4122 nysius,
1449 4034 1642 4123 vulgo
1695 4035 1898 4101 dictus
1954 4039 2357 4127 Areopagita,
2414 4040 2494 4105 de
2554 4042 2827 4130 Mystica

1160 4136 1378 4202 Theol.
1414 4138 1470 4202 Ι.
1501 4157 1556 4203 1.
1587 4161 1649 4224 p.
1686 4156 1772 4205 2.:
1818 4146 1936 4204 τῶν
1960 4141 2303 4222 ὖπερκάλων
2330 4144 2614 4226 ἆγλαῖὣν.

1243 4276 1332 4290 —
1348 4241 1410 4305 6.
1440 4238 1854 4325 προστρέχειν]
1889 4242 1990 4306 Ne
2030 4242 2169 4329 quis
2208 4244 2528 4329 προσέχειν
2574 4246 2824 4335 8831181,

1159 4341 1343 4430 plura
1389 4341 1843 4431 disputavimus
1893 4343 1958 4408 in
1999 4343 2098 4409 ed.
2145 4345 2345 4433 pecul.
2394 4347 2639 4426 Quibus
2680 4349 2826 4414 locis

1158 4443 1322 4509 adde
1358 4466 1526 4509 nunc
1566 4443 1883 4511 Plutarch.
1916 4445 1995 4511 de
2024 4446 2243 4512 Audd.
2277 4449 2478 4515 Poett.
2512 4474 2576 4538 p.
2607 4471 2713 4532 40.
2746 4450 2820 4515 A.

1159 4570 1224 4636 p.
1257 4563 1395 4633 151.
1429 4548 1633 4636 Wytt.
1666 4548 2150 4634 προστρέχουσαν
2188 4554 2252 4615 δὲ
2293 4552 2387 4615 καὶ
2429 4561 2825 4635 συναγελαζο-

1159 4648 1343 4730 μένην
1379 4655 1500 4718 τοῖς
1539 4649 1819 4733 ψέγουσι.
1912 4651 2107 4717 Simili
2150 4653 2450 4718 sententia
2482 4654 2829 4738 ὑποτρέχειν

1162 4766 1498 4839 usurpatur
1537 4775 1679 4817 cum
1719 4753 1952 4819 Dativo
1988 4768 2052 4819 et
2083 4777 2226 4819 cum
2257 4756 2476 4820 AccuS.
2510 4756 2637 4821 vid.
2672 4755 2823 4821 Plu-

1162 4854 1354 4920 tarcb.
1388 4854 1706 4943 Apopbtb.
1738 4856 1944 4943 Regg.
1977 4879 2041 4944 p.
2072 4857 2211 4941 185.
2236 4859 2318 4921 E.
2351 4880 2413 4944 p.
2442 4860 2586 4944 736.
2621 4859 2823 4947 Wytt.

1158 4954 1345 5021 Plato
1392 4958 1468 5021 de
1510 4957 1712 5045 Legg.
1762 4958 1895 5021 XI.
1942 4981 2004 5044 p.
2049 4976 2194 5045 923.
2225 4959 2287 5023 b.
2356 4961 2499 5037 Quo
2547 4960 2829 5026 firmatur

1160 5058 1341 5123 etiam
1388 5057 1642 5146 vulgata
1688 5058 1870 5124 lectio
1917 5059 1980 5123 in
2027 5059 2346 5148 Hesycbio
2391 5062 2451 5125 Ι.
2497 5084 2639 5149 pag.
2674 5082 2819 5149 915.

1158 5161 1303 5226 Alb.
1351 5161 1582 5225 Nostro
1607 5161 1742 5226 loco
1769 5160 1850 5225 ad
1869 5161 2005 5243 μήτι
2022 5162 2412 5247 προστρέχειν
2427 5163 2823 5251 cogitandum

1159 5278 1252 5329 est
1296 5264 1509 5338 αὐτοῖς,
1558 5263 1673 5328 1188
1723 5264 2050 5328 sententia:
2114 5265 2341 5329 “Nam
2389 5280 2462 5331 ut
2513 5266 2828 5332 intueatur

1158 5388 1479 5453 corporeas
1498 5364 1964 5453 pulcritudines,
1981 5369 2071 5431 sic
2091 5368 2262 5432 nullo
2283 5368 2456 5433 modo
2482 5390 2622 5433 eum
2649 5391 2829 5456 opor-

1158 5478 1245 5533 tet
1270 5469 1357 5532 ad
1380 5490 1486 5533 eas
1513 5491 1578 5534 se
1605 5469 1922 5556 applicare
1949 5492 1996 5533 s.
2022 5469 2212 5534 teneri
2234 5493 2447 5536 earum
2472 5470 2826 5536 illecebris.”

1163 5570 1558 5637 Contrarium
1606 5586 1698 5636 est
1746 5571 2092 5659 proximum
2135 5575 2401 5657 φεύγειν,
2441 5588 2506 5640 81
2545 5573 2828 5663 sequitur

2105 592 2913 659 ANNOTATIONES
2980 594 3089 658 IN
3156 594 3598 659 PLOTINI

2903 765 3203 848 ἐπιδράμοι
3240 772 3457 847 λαβεῖν
3496 767 3879 846 βουλόμενος.
3971 763 4287 830 Continuo
4316 761 4571 827 Ficinus

2901 868 3196 955 expressit
3223 870 3446 950 γνόντα
3473 883 3535 933 81
3564 866 3681 931 1188
3719 866 4122 932 necessarium
4155 865 4403 930 videtur
4428 880 4569 952 post

2904 972 3119 1035 ἰδόντα.
3212 969 3332 1035 Sed
3380 994 3520 1035 cum
3568 993 3678 1034 nec
3717 968 3989 1033 Medicei
4030 967 4211 1034 codd.
4250 990 4362 1032 nec
4404 966 4570 1031 ullus

2902 1072 3059 1137 alius
3104 1096 3140 1136 e
3189 1072 3411 1138 nostris
3459 1071 3761 1160 pluralem
3802 1071 4049 1148 habeat,
4094 1069 4372 1157 religioni
4414 1069 4568 1134 duxi

2902 1189 3164 1251 mutare,
3200 1175 3538 1262 praesertim
3576 1174 3641 1238 in
3690 1198 3766 1238 eo
3809 1173 4120 1261 scriptore,
4164 1172 4275 1259 qui
4317 1172 4570 1260 881111118-

2903 1275 3039 1341 81118
3096 1277 3300 1342 81111118
3352 1277 3743 1342 conversione
3799 1275 4089 1341 orationis
4145 1289 4376 1340 utatur.
4468 1272 4568 1338 Ad

2905 1380 3262 1445 sententiam
3292 1380 3685 1468 comparandi
3729 1392 3873 1444 sunt
3904 1377 4124 1444 Galen.
4156 1376 4219 1441 in
4253 1378 4563 1463 Protrept.

2904 1505 2957 1546 8.
2993 1483 3052 1547 8.
3127 1483 3255 1547 Dio
3298 1482 3617 1570 Chrysost.
3661 1484 3772 1547 Or.
3807 1501 3907 1567 29.
3940 1504 4003 1568 p.
4035 1500 4182 1567 543.
4213 1480 4395 1544 E.F.
4427 1478 4563 1543 8811.

2908 1586 3078 1665 216.,
3107 1608 3375 1672 quocum
3418 1584 3566 1650 facit
3596 1584 3925 1673 Augustin.
3971 1582 4051 1647 de
4086 1605 4232 1647 vera
4267 1580 4473 1669 Relig.
4511 1603 4564 1644 c.

2903 1706 3007 1768 41.
3039 1711 3104 1775 p.
3139 1704 3283 1771 741.
3316 1688 3401 1752 D.

2986 1825 3073 1839 —
3097 1806 3154 1873 7.
3189 1794 3244 1854 εἰ
3268 1790 3382 1872 γάρ
3410 1815 3495 1858 τις
3524 1787 3825 1870 ἐπιδράμοι
3856 1816 3905 1852 κ.
3932 1814 3984 1852 τ.
4005 1788 4101 1875 λ.]
4135 1788 4263 1851 Pro
4295 1790 4443 1850 δοκῶ
4469 1809 4571 1863 μοι

2903 1891 3288 1958 scribendum
3342 1897 3505 1957 δοκεῖ
3539 1918 3640 1971 μοι
3680 1890 3760 1955 cf.
3809 1913 3872 1977 p.
3911 1904 4014 1975 57.
4048 1891 4122 1953 A.
4155 1911 4219 1977 p.
4251 1888 4399 1974 383.
4441 1886 4569 1949 οἷον

2905 1994 3057 2062 εἰκὸς
3106 1996 3200 2059 καὶ
3246 1994 3350 2059 τὸν
3395 1998 3581 2075 μῦθον
3626 1995 4002 2058 αἰνίττεσθαι.
4094 1989 4393 2056 Formula
4440 2010 4569 2052 mo-

2904 2095 3136 2173 destiae,
3166 2119 3293 2183 qua
3322 2094 3606 2161 Plotinus
3633 2118 3774 2160 suas
3811 2094 4162 2159 fabularum
4200 2093 4566 2178 interpreta-

2904 2197 3099 2262 tiones
3140 2197 3366 2263 inferre
3406 2197 3577 2263 solet.
3669 2196 3914 2262 Deinde
3942 2195 4037 2260 vel
4076 2193 4504 2282 corrigendum
4533 2192 4567 2257 δ

2903 2306 3120 2381 λαβεῖν
3146 2301 3460 2381 βουληθεὶς
3488 2322 3602 2389 pro
3629 2301 3720 2375 οὗ,
3747 2299 3843 2363 vel
3876 2299 4064 2363 verba
4106 2300 4175 2363 οὗ
4210 2304 4355 2378 λαβ.
4387 2304 4564 2377 βουλ.

2903 2403 3220 2485 -ἆφανὴς
3249 2403 3485 2486 ἐγένετο
3515 2401 3862 2491 parenthesi
3881 2399 4273 2479 includenda,
4292 2399 4411 2464 hac
4438 2421 4571 2463 sen·

2905 2504 3128 2570 tentia:
3201 2511 3246 2544 “
3276 2507 3440 2570 Nam
3498 2505 3546 2570 si
3603 2505 3743 2593 quis
3794 2502 4229 2592 pulcritudinis
4285 2501 4569 2565 umbram

2905 2620 3198 2695 tanquam
3255 2607 3733 2695 pulcritudinem
3782 2629 3989 2671 veram
4048 2604 4321 2692 arripiat,
4379 2605 4568 2669 veluti

2903 2732 3099 2796 quum
3127 2710 3331 2797 imago
3357 2711 3418 2775 in
3453 2734 3617 2798 aqua
3652 2721 3998 2797 appareret,
4027 2709 4242 2796 (quam
4284 2708 4446 2795 quis,
4477 2704 4569 2770 uti

2903 2810 3137 2890 fabula,
3166 2812 3405 2900 opinor,
3435 2813 3756 2899 significat,
3786 2826 4033 2899 captare
4071 2809 4325 2897 cupiens
4355 2809 4418 2873 in
4448 2807 4568 2873 flu·

2901 2928 3114 2979 entum
3165 2936 3440 3002 praeceps
3481 2914 3681 2980 factus
3732 2914 4039 2998 evanuit):
4085 2914 4178 2977 ita
4217 2925 4281 2976 et
4317 2910 4419 2976 ille
4460 2910 4568 2997 qui

2902 3014 3290 3103 amplexatur
3331 3015 3546 3103 pulcra
3586 3039 3865 3105 corpora,
3894 3038 4098 3102 neque
4139 3013 4415 3092 dimittit,
4444 3034 4568 3077 non

2904 3140 3158 3206 corpore
3184 3118 3458 3205 quidem,
3490 3118 3596 3183 sed
3624 3119 3829 3183 animo
3856 3118 3921 3182 in
3950 3115 4571 3205 profundum-prae-

2903 3219 3259 3309 cipitabitur
3275 3222 3334 3296 ;''
3378 3235 3450 3285 ut
3478 3220 3738 3310 proinde
3774 3227 3993 3302 λαβεῖν
4021 3242 4137 3306 pro
4172 3217 4568 3306 prehendere,

2903 3326 3211 3412 arripere,
3240 3347 3381 3389 cum
3412 3339 3637 3412 quarto
3664 3348 3806 3390 casu
3830 3325 4120 3412 junctum
4145 3322 4256 3386 sit:
4303 3343 4445 3385 cum
4476 3343 4567 3384 se-

2904 3425 3110 3490 cundo
3135 3449 3253 3516 pro
3277 3439 3553 3516 captare,
3583 3429 3914 3515 aucupari,
3942 3426 4147 3513 potiri
4184 3424 4353 3489 velle.
4399 3421 4569 3487 Illud

2905 3527 3125 3594 solutae
3166 3531 3456 3595 orationis
3498 3530 3821 3618 scriptores
3848 3528 4038 3594 verbo
4078 3528 4272 3592 medio
4306 3539 4370 3591 et
4403 3525 4573 3613 geni-

2906 3631 3034 3697 tivo
3088 3630 3395 3697 declarare
3451 3632 3817 3720 plerumque
3880 3630 4093 3696 solent.
4171 3627 4432 3694 Heindf.
4479 3625 4572 3708 ,ad

2909 3733 3151 3799 Platon.
3187 3736 3438 3823 Protag.
3472 3759 3535 3823 p.
3569 3737 3714 3799 602.
3746 3734 3953 3822 Wytt.
3983 3731 4065 3799 ad
4096 3732 4266 3797 Plut.
4302 3733 4472 3795 Mor.
4504 3753 4566 3817 p.

2906 3838 3055 3921 560.
3103 3835 3243 3902 Vid.
3276 3849 3481 3902 tamen
3513 3836 3745 3901 AElian.
3781 3839 3856 3902 V.
3885 3838 3976 3900 H.
4011 3836 4069 3900 I.
4100 3855 4205 3921 30.
4238 3848 4301 3899 81
4322 3835 4566 3919 Evang.

2909 3941 3069 4005 Luc.
3104 3940 3179 4004 V.
3212 3958 3274 4025 5.
3307 3940 3390 4005 ib.
3415 3940 3701 4027 interprr.

2992 4043 3158 4107 —8.
3194 4042 3288 4126 ἐφ’
3331 4045 3538 4110 ὕδατος
3587 4039 3937 4126 ὀχουμένου]
3994 4041 4197 4125 Supra
4235 4060 4300 4126 p.
4346 4054 4452 4122 52.
4486 4038 4566 4101 Ε.

2906 4146 3142 4228 μορφὴν
3172 4146 3267 4209 ἐπὶ
3308 4146 3519 4212 ἄλλαις
3553 4149 3809 4227 μορφαῖς
3836 4141 4253 4226 ἐποχουμένην.
4341 4140 4574 4204 Nostro

2907 4244 3044 4311 loco
3098 4259 3192 4310 est
3248 4267 3573 4333 apparere.
3664 4246 3976 4309 Caeterum
4025 4241 4150 4307 vid.
4206 4240 4305 4307 ed.
4366 4241 4568 4329 pecul.

2908 4345 3057 4434 ibiq.
3092 4347 3447 4411 Hemsterb.
3481 4346 3562 4412 ad
3593 4345 3852 4410 Lucian.
3887 4343 4203 4409 Prometh.
4240 4344 4296 4407 Ι.
4327 4365 4391 4430 p.
4427 4343 4568 4407 216.

2911 4449 3052 4536 Bip.
3128 4448 3421 4514 Coraium
3464 4448 3542 4513 ad
3590 4447 3911 4513 Heliodor.
3959 4469 4021 4534 p.
4058 4461 4201 4531 252.
4241 4446 4453 4533 Wytt.
4494 4442 4575 4507 ad

2910 4550 3072 4615 Plat.
3136 4550 3437 4616 Phaedon.
3508 4574 3571 4640 p.
3637 4568 3779 4634 227.
3848 4566 3912 4614 81
3966 4548 4046 4613 ad
4107 4547 4424 4613 Plutarch.
4496 4544 4574 4609 de

2914 4655 2977 4718 S.
3005 4655 3087 4718 N.
3108 4653 3183 4717 V.
3231 4676 3293 4740 p.
3329 4653 3430 4718 86.
3461 4677 3524 4739 p.
3560 4672 3703 4736 271.
3736 4652 3833 4716 ed.
3866 4674 4010 4716 nov.
4043 4665 4106 4716 et
4133 4651 4213 4716 cf.
4247 4648 4472 4714 Plotin.
4507 4670 4568 4734 p.

2993 4878 3162 4942 —9.
3210 4859 3287 4925 ὥς
3325 4882 3440 4921 που
3484 4859 3569 4923 τὶς
3605 4858 3807 4941 μῦθος]
3848 4855 4081 4921 AElian.
4118 4857 4192 4920 V.
4222 4855 4310 4917 H.
4346 4853 4438 4915 X.
4475 4852 4570 4915 18.

2911 4962 2989 5028 ὥς
3038 4986 3153 5026 που
3195 4962 3346 5043 φησὶ
3389 4960 3485 5024 καὶ
3517 4957 3798 5041 Ὄμηρος.
3866 4958 4101 5024 Ρ8111118
4142 4955 4342 5020 Hebr.
4377 4954 4476 5017 ΙΙ.
4510 4956 4570 5018 6.

2910 5065 3336 5145 Διεμαρτῦρετο
3366 5061 3433 5127 δέ
3467 5087 3582 5125 που
3622 5062 3708 5128 τὶς
3733 5061 3953 5145 λέγων,
3984 5058 4091 5125 11111
4119 5056 4244 5122 vid.
4278 5054 4572 5121 Valcken.

2908 5164 2972 5229 in
3005 5164 3240 5230 Scholis
3271 5165 3368 5228 ΙΙ.
3401 5187 3464 5251 p.
3495 5180 3642 5248 427.
3715 5162 3922 5249 Igitur
3959 5160 4130 5227 nihili
4158 5175 4251 5226 est
4277 5158 4576 5224 librorum

2909 5266 3145 5354 aliquot
3172 5284 3522 5332 nostrorum
3551 5265 3729 5331 lectio
3759 5267 3958 5347 ὥσπερ
3987 5289 4072 5332 τις
4097 5290 4158 5345 μ.

2995 5370 3078 5435 111.
3111 5372 3198 5438 τὶς
3219 5370 3427 5458 μῦθος]
3462 5357 3506 5409 'a
3528 5368 3669 5434 Scil.
3703 5366 4035 5431 Narcissi.''
4055 5368 4146 5430 D.
4176 5366 4265 5428 W.
4334 5365 4436 5429 De
4464 5362 4578 5425 bac

2910 5496 3028 5560 ego
3048 5471 3281 5549 fabula,
3303 5485 3519 5559 utpote
3541 5471 3622 5536 ad
3644 5469 3987 5535 universam
4008 5467 4218 5532 Pulcri
4238 5465 4576 5531 doctrinam

2912 5574 3276 5663 pertinente,
3335 5573 3585 5639 uberius
3637 5570 3895 5658 exposui
3957 5569 4025 5634 in
4079 5570 4579 5657 Praeparatione,
