5118 6613
1292 560 1496 625 LIB.
1542 560 1746 626 VIII.
1794 559 1928 625 EN
1947 560 2162 625 NEA
2177 557 2263 624 D.

536 731 935 819 Iosophorum
1002 731 1184 810 ratio,
1231 753 1378 817 quae
1437 732 1771 820 exponitur
1828 731 1891 796 in
1954 732 2228 798 carmine

537 837 1110 924 Bkaguvad-Gita.
1230 836 1487 899 Etenim
1555 834 1643 899 ibi
1718 836 1944 919 (XIV.
1998 837 2226 923 5—8.)

537 939 865 1004 lead-vehas
891 939 954 1002 h.
986 963 1038 1003 e.
1074 938 1379 1002 terrestris
1415 938 1688 1018 habituS,
1715 962 1933 1004 eorum
1971 963 2105 1005 esse
2133 939 2228 1004 di·

533 1042 716 1120 citur,
747 1040 857 1129 qui
898 1044 1071 1124 (cum
1108 1041 1190 1105 ad
1227 1040 1466 1107 Sattwa
1507 1042 1634 1108 sive
1667 1043 1747 1107 ad
1781 1067 1985 1108 veram
2028 1067 2230 1108 essen-

535 1146 680 1211 tiam
711 1169 783 1209 ac
812 1143 1075 1232 proinde
1103 1144 1183 1208 ad
1216 1142 1491 1210 veritatis
1530 1145 1946 1232 cognitionem
1978 1171 2230 1233 puram-

534 1273 658 1336 que
703 1248 999 1312 virtutem
1058 1247 1382 1335 pervenire
1427 1254 1777 1336 nequeunt)
1819 1250 1900 1315 ad
1961 1249 2234 1338 singulas

535 1376 632 1417 res
659 1350 1065 1429 delabuntur,
1098 1373 1435 1437 rerumque
1479 1351 1730 1416 umbras
1767 1376 1838 1417 ac
1883 1353 2137 1441 species,
2167 1368 2232 1418 et

534 1454 758 1541 agendi
790 1454 1001 1518 studio
1028 1454 1090 1517 in
1112 1453 1313 1517 varias
1342 1469 1550 1539 partes
1578 1453 2032 1520 distrahuntur.
2081 1455 2227 1520 Vid.

538 1559 708 1623 Guil.
770 1558 846 1621 de
897 1557 1267 1620 Humboldt.
1334 1556 1633 1644 disputat.
1694 1558 2086 1623 vernaculam
2148 1558 2228 1623 de

536 1660 826 1725 Carmine
876 1660 1432 1748 Bhagavad-Gita
1472 1660 1534 1723 in
1588 1661 1781 1725 Actis.
1834 1661 2057 1726 Societ.
2090 1663 2223 1725 Re-

533 1763 655 1851 giae
682 1764 959 1829 Berolin.
996 1766 1174 1829 1826.
1209 1786 1268 1849 p.
1299 1781 1400 1847 29.
1434 1787 1526 1849 sq.

618 1889 682 1952 p.
716 1868 865 1952 636,
904 1886 1001 1932 12.
1046 1866 1154 1945 τὴν
1201 1866 1410 1948 ψυχὴν
1457 1866 1565 1945 τὴν
1608 1865 1721 1948 πρὸ
1783 1866 2022 1954 ταύτης]
2074 1864 2231 1929 Tria

537 1969 707 2055 ponit
747 1969 1054 2058 principia
1084 1968 1391 2047 Plotinus,
1413 1967 1684 2055 primum
1709 1967 1777 2032 τὸ
1810 1967 2058 2050 ἀγαθὸν,
2090 1966 2240 2031 alte-

535 2097 671 2142 rum
707 2075 814 2139 τὸν
861 2078 1022 2146 νοῦν,
1069 2071 1321 2136 tertium
1370 2071 1477 2150 τὴν
1519 2071 1728 2154 ψυχὴν
1773 2076 1879 2135 τοῦ
1919 2071 2141 2138 παντὸς
2185 2093 2230 2137 S.

536 2187 650 2245 τῶν
677 2181 856 2243 ὅλων.
949 2179 1090 2255 Qua
1134 2175 1213 2239 de
1252 2198 1319 2238 re
1348 2173 1478 2237 vid.
1520 2172 1804 2259 inprimis
1846 2175 2018 2237 Enn.
2051 2173 2132 2236 11.
2169 2194 2230 2258 9.

542 2307 593 2350 1.
634 2307 698 2371 p.
727 2302 868 2367 199.
901 2282 976 2344 C.
1008 2277 1147 2342 coll.
1181 2277 1323 2342 111.
1348 2296 1408 2361 5.
1441 2296 1504 2362 3.
1552 2277 1627 2340 V.
1666 2295 1725 2342 2.
1765 2296 1822 2341 1.
1866 2277 1948 2341 V.
1991 2295 2040 2339 1.
2076 2278 2133 2340 6.
2160 2276 2236 2339 V.

542 2409 596 2452 1.
629 2407 692 2472 3.
757 2386 919 2449 Haec
937 2398 1031 2446 est
1063 2378 1535 2445 Plotinianailla
1555 2378 1857 2458 Trinitas,
1889 2402 2035 2466 quae
2063 2378 2234 2466 apud

535 2489 765 2554 multos
807 2503 1019 2551 nostro
1061 2483 1302 2572 peperit
1352 2504 1578 2546 nomen
1629 2481 1809 2546 amici
1851 2481 2234 2547 Christiano-

535 2616 672 2657 rum
695 2608 759 2656 et
791 2586 1243 2656 Christianismi
1269 2611 1282 2649 :
1332 2608 1713 2672 quamquam
1741 2607 1818 2648 ex
1851 2584 2066 2649 eadem
2097 2584 2231 2672 ipsa

534 2695 771 2760 ratione
814 2692 915 2758 alii
961 2714 1102 2755 eum
1152 2688 1518 2755 Tritheismi
1566 2688 1930 2775 arguebant.
2023 2689 2229 2753 Caete-

533 2820 671 2862 rum
703 2794 918 2860 confer
959 2816 1105 2880 quae
1140 2791 1204 2855 in
1249 2789 1721 2877 Prologomenis
1761 2807 1897 2872 127.
1929 2791 2010 2854 V.
2044 2788 2137 2853 lit.
2168 2793 2226 2853 6.

532 2900 610 2966 de
642 2896 968 2985 Principiis
999 2894 1230 2959 Plotini
1261 2893 1602 2980 posuimus

613 3038 698 3050 —
731 3022 832 3088 13.
878 3000 972 3064 καὶ
1014 3000 1051 3079 ἡ
1096 2999 1160 3076 ἐξ
1202 2999 1285 3061 ὧν
1330 2998 1574 3080 ἐγνώκει
1622 2996 1785 3084 ὦδίς]
1836 2996 1978 3059 Non
2038 2993 2227 3059 semel

535 3107 732 3172 utitur
759 3106 990 3169 Noster
1018 3102 1135 3166 hac
1166 3098 1593 3165 similitudine.
1672 3096 1774 3163 Sic
1804 3099 1974 3162 Enn.
2011 3099 2128 3164 IV.
2165 3119 2228 3181 7..

538 3230 634 3296 13.
681 3205 1005 3273 Platonica
1028 3218 1141 3269 est.
1191 3201 1332 3266 Vid.
1363 3204 1652 3290 Sympoe.
1677 3225 1743 3289 p.
1771 3218 1878 3283 70.
1898 3203 2044 3266 Ast.
2075 3200 2229 3287 ibiq.

531 3314 698 3380 laud.
745 3310 1024 3399 Republ.
1064 3310 1180 3372 VI.
1209 3331 1275 3395 p.
1305 3328 1456 3391 490.
1488 3330 1553 3394 p.
1586 3306 1733 3391 285.
1769 3303 1973 3371 Bekk.

614 3457 700 3468 —
725 3419 827 3481 16.
863 3419 929 3479 ἐν
958 3414 1189 3499 παιδίῳ,
1221 3415 1480 3491 ἵνδαλμα
1519 3411 1721 3494 ἔχοντι
1750 3408 2051 3494 ἁπάντων]
2103 3410 2231 3473 Re-

530 3522 762 3610 spicere
791 3518 1040 3582 videtur
1072 3515 1358 3580 Plotinus
1386 3513 1468 3578 ad
1508 3511 1890 3577 Platonicam
1922 3511 2003 3576 de
2031 3534 2230 3575 recor-

530 3626 779 3691 datione
796 3620 896 3686 vel
930 3617 1384 3684 reminiscentia
1400 3615 1771 3695 doctrinam,
1792 3614 2084 3678 nimirum
2105 3613 2229 3677 dis-

527 3752 666 3794 cere
692 3725 845 3791 nihil
876 3722 1049 3788 aliud
1073 3745 1227 3798 esse,
1251 3743 1440 3808 quam
1474 3718 1783 3783 recordari
1809 3717 2221 3801 (ἀνάμνησιν).

531 3832 673 3897 Vid.
708 3829 877 3893 Plat.
906 3824 1216 3891 Phaedon.
1245 3847 1311 3911 p.
1345 3842 1448 3906 72.
1479 3846 1576 3908 sq.

610 3958 657 4023 p
709 3935 858 4018 637,
895 3951 948 3993 1.
994 3931 1193 4011 πρώτῃ
1220 3925 1558 4008 μεταλήψει
1591 3923 2087 4011 μεταλαμβάνον]
2124 3923 2224 3985 De

527 4038 644 4102 hoc
672 4058 813 4112 usu,
842 4032 1013 4097 verbi
1030 4029 1520 4111 μεταλαμβάνειν
1548 4027 1676 4092 vid.
1693 4027 1940 4091 Jacobs.
1970 4025 2052 4089 ad
2079 4028 2217 4089 Sto·

526 4142 731 4205 baeum
760 4162 821 4223 p.
856 4137 1000 4221 256.
1093 4132 1195 4197 Ad
1237 4130 1557 4219 sequentia
1594 4132 1865 4213 πρόεισιν
1901 4131 1943 4208 ἡ
1984 4128 2098 4207 ζωή
2141 4127 2220 4191 cf.

526 4245 695 4309 Enn.
732 4242 829 4306 II.
862 4261 923 4325 9.
955 4259 1010 4303 2.
1047 4237 1154 4302 ubi
1193 4236 1408 4300 eadem
1428 4234 1661 4299 locutio
1677 4231 2007 4321 reperitur.
2082 4233 2221 4296 Cae-

525 4361 729 4412 terum
760 4344 895 4409 haec
922 4341 1132 4406 omnia
1158 4355 1306 4405 sunt
1348 4336 1703 4403 Platonica:
1753 4336 1894 4399 vide
1922 4334 2111 4398 modo
2141 4334 2220 4398 de

529 4452 693 4537 Rep.
721 4449 838 4512 IV.
869 4470 933 4533 p.
967 4465 1113 4532 431.
1142 4467 1197 4508 a.
1228 4443 1308 4507 cf.
1343 4442 1539 4507 Cicer.
1575 4442 1807 4505 Tusce.
1843 4440 1886 4503 I.
1927 4459 2021 4503 10.
2071 4437 2221 4501 Phi-

524 4552 650 4617 lon.
680 4552 728 4615 J
735 4550 843 4615 ud.
875 4550 955 4613 de
985 4548 1215 4612 victim.
1247 4548 1419 4612 offer.
1454 4570 1520 4634 p.
1555 4547 1700 4630 858.

606 4692 695 4704 —
732 4674 758 4716 1
773 4671 830 4717 2.
879 4656 958 4738 τῷ
1016 4653 1286 4731 ἐξίτηλον
1345 4654 1710 4729 καταβαῖνον
1756 4648 2054 4731 γίνεσθαι]
2115 4647 2216 4709 De

526 4782 643 4823 usu
673 4755 842 4820 vocis
885 4757 1149 4834 ἐξίτηλος
1176 4753 1349 4817 vario
1384 4751 1511 4816 vid.
1563 4748 1864 4838 Stephani
1897 4746 2091 4814 Thes,
2128 4749 2210 4813 L.

529 4863 643 4927 Gr.
675 4885 724 4924 s.
751 4882 815 4921 v.
856 4862 1065 4923 Sturz.
1114 4857 1178 4920 in
1223 4857 1388 4920 Lex.
1434 4853 1724 4941 Xenoph.
1759 4851 2211 4940 Wyttenbach.

525 4965 586 5028 in
619 4961 870 5028 Selectt.
904 4960 1174 5024 Historr.
1205 4984 1266 5046 p.
1295 4978 1448 5045 349.
1478 4974 1543 5023 et
1583 4979 1774 5044 supra
1800 4978 1914 5020 nos
1942 4953 2024 5019 ad
2056 4955 2116 5018 Ι.
2151 4956 2211 5018 6.

522 5086 585 5152 3.
632 5062 960 5151 conjunxit
1008 5077 1215 5127 autem
1262 5083 1404 5125 cum
1452 5083 1601 5124 voce
1646 5060 1901 5140 ἀμυδρόν
1947 5055 2217 5120 Basilius

522 5169 643 5235 Sel.
693 5168 774 5233 de
815 5165 944 5230 vita
995 5167 1062 5230 S.
1097 5163 1358 5230 Theclae
1400 5187 1461 5251 p.
1499 5181 1642 5248 293.
1696 5161 1776 5226 cf.
1827 5159 2216 5225 Boissonadii

524 5270 862 5338 Anecdott.
895 5291 1024 5356 grr.
1055 5269 1104 5333 1.
1139 5292 1280 5356 pag.
1303 5268 1446 5333 288.
1497 5266 1605 5331 Ad
1636 5290 1695 5330 v.
1728 5264 2000 5348 ἀψοφητὶ
2023 5286 2081 5327 v.
2114 5286 2214 5327 su-

523 5399 633 5463 pra
663 5373 743 5439 ad
781 5373 919 5437 111.
952 5391 1009 5455 7.
1051 5392 1150 5435 11.
1181 5395 1243 5457 p.
1274 5372 1421 5456 336.
1454 5370 1533 5434 F.

603 5516 691 5527 —
720 5497 820 5556 14.
867 5476 985 5539 Καὶ
1039 5475 1211 5558 ψυχὴ
1267 5476 1331 5538 δὲ
1382 5474 1419 5553 ἡ
1474 5472 1811 5558 θεωροῦσα]
1859 5467 2208 5534 Pleniorem

522 5580 716 5645 videri
767 5577 962 5665 possit
998 5576 1288 5642 habuisse
1333 5574 1591 5640 Ficinus
1635 5574 1806 5638 hunc
1858 5571 2088 5652 locum,
2136 5571 2213 5637 si-

2311 557 2769 624 TERTIAE.
2800 581 2879 646 ·p.
2912 561 3277 645 634—644.
3907 582 4023 650 ¹97

2313 730 2569 820 quidem
2615 754 2693 796 ex
2738 731 2876 819 ejus
2927 731 3205 796 versione
3241 733 3661 820 conjecturam
3705 734 3907 801 facere
3956 735 4027 800 li-

2315 848 2433 900 cet.

2403 974 2492 987 —
2525 955 2625 1020 17.
2656 935 2693 1017 ἢ
2725 937 2819 1002 καὶ
2849 940 2944 1002 διὰ
2974 942 3147 1001 τοῦτο
3175 924 3515 1029 πανταχοῦ]
3566 939 3704 1004 Fic.
3729 939 3910 1006 aliter
3939 941 4024 1007 le-

2318 1039 2480 1126 gisse
2524 1038 2777 1103 videtur
2820 1038 2989 1103 hunc
3034 1037 3258 1102 locum.
3354 1039 3720 1128 Legendum
3762 1042 4023 1108 fortasse

2320 1145 2417 1206 διὰ
2445 1144 2676 1207 τούτου.

2406 1268 2471 1332 p.
2503 1245 2655 1330 638,
2694 1264 2750 1310 1.
2798 1243 2913 1309 Διὸ
2961 1246 2993 1307 ὁ
3032 1243 3274 1328 ἡνίοχος
3312 1251 3434 1312 τοῖς
3469 1244 3706 1315 Ἵπποις
3748 1250 4021 1338 δίδωσιν]

2321 1347 2606 1435 Respicit
2637 1346 2924 1411 Plotinus
2955 1346 3338 1411 tritissimum
3385 1347 3663 1415 Platonis
3703 1350 3910 1416 locum
3957 1352 4020 1416 in

2320 1449 2594 1514 Phaedro
2635 1474 2700 1537 p.
2735 1467 2880 1534 272.
2930 1449 3197 1514 Heindf.
3252 1449 3332 1514 de
3375 1452 3596 1540 auriga
3644 1453 4021 1542 duobusque

2314 1554 2493 1642 equis
2515 1554 2795 1619 diversiS.
2858 1554 3061 1642 quue
3092 1569 3155 1619 et
3184 1553 3319 1619 aliis
3350 1555 3497 1621 locis
3518 1557 3692 1645 apud
3716 1545 4019 1625 Nostrum

2312 1658 2382 1722 fit
2430 1673 2491 1722 et
2553 1660 2727 1724 Enn.
2777 1659 2831 1722 Ι.
2883 1660 2945 1722 6.
2984 1659 3041 1721 8.
3094 1671 3156 1721 et
3218 1679 3279 1742 9.
3342 1659 3421 1723 ad
3477 1683 3637 1746 quos
3685 1660 3853 1726 locos
3897 1662 4025 1727 vid.

2316 1760 2771 1848 Wyttenbach.
2794 1760 2857 1825 in
2884 1761 3093 1848 Epist.
3125 1760 3281 1826 Crit.
3317 1784 3379 1848 p.
3407 1780 3555 1848 250.
3590 1763 3689 1829 ed.
3727 1765 4024 1831 Schaefer.

2402 1900 2491 1912 —
2524 1883 2625 1928 11.
2670 1868 2842 1928 τοῦτο
2895 1866 2962 1928 δὲ
3010 1868 3167 1936 ποῦς
3218 1866 3285 1928 ἐν
3333 1866 3533 1954 ψυχῇ]
3611 1867 3715 1932 Cf.
3767 1868 4014 1934 Platon.

2330 1964 2634 2030 Phaedon.
2675 1990 2737 2054 p.
2772 1968 2875 2051 96.
2909 1988 2971 2052 p.
3008 1969 3107 2052 83.
3151 1965 3356 2030 Bekk.
3387 1967 3541 2055 ibiq.
3574 1968 3904 2057 Wyttenb.
3952 1996 4020 2060 p.

2327 2085 2470 2153 254.

2408 2209 2495 2223 —-
2547 2173 2647 2235 16.
2697 2176 2838 2236 εἵσω
2885 2175 3115 2258 κεῖται.]
3168 2173 3299 2237 Hic
3335 2195 3485 2237 usus
3528 2174 3697 2239 vocis
3743 2179 3884 2242 εἵσω
3925 2200 4023 2242 re-

2324 2274 2703 2338 centioribus
2721 2274 3125 2362 scriptoribus
3142 2275 3461 2339 familiaris
3476 2291 3588 2342 est.
3640 2277 3785 2343 Vid.
3810 2280 4022 2344 Valck-

2320 2401 2530 2444 maer.
2561 2379 2640 2444 ad
2672 2379 2904 2469 Eurip.
2938 2380 3245 2445 Phoeniss.
3274 2404 3341 2469 p.
3375 2396 3523 2463 727.

2406 2507 2467 2571 p.
2500 2485 2651 2569 639,
2686 2485 2784 2548 16.
2836 2484 2939 2548 εἴτ’
2985 2485 3332 2557 ἐπανιοῦσα,
3388 2484 3574 2549 πάλιν
3623 2486 3861 2573 θεωρεῖ]
3912 2485 4018 2550 Cf.

2321 2588 2490 2650 Eun.
2524 2586 2602 2650 V.
2630 2588 2689 2651 8.
2728 2606 2826 2651 10.
2863 2587 2919 2650 I.
2945 2588 3005 2650 6.
3035 2607 3096 2669 9.
3130 2585 3237 2651 ubi
3268 2600 3357 2650 est
3379 2590 3523 2670 ὄψις
3542 2588 3650 2667 ἤδη
3672 2589 4012 2669 γενόμενος.

2319 2687 2442 2752 Sed
2474 2700 2644 2751 totus
2673 2687 2848 2752 locus
2876 2686 3310 2751 conferendus.

2401 2814 2463 2878 p.
2496 2793 2647 2871 640,
2670 2811 2736 2877 3.
2783 2791 2893 2871 ἤδη
2946 2794 3062 2873 γὰρ
3120 2791 3291 2857 οὗτος
3340 2790 3487 2872 πρὸς
3535 2790 3604 2853 τὸ
3659 2791 3754 2876 ἓν]
3827 2791 4013 2855 Conf.

2319 2892 2514 2958 Clem.
2566 2890 2753 2956 Alex.
2815 2895 3043 2956 Strom.
3087 2893 3208 2957 IV.
3268 2910 3367 2977 23.
3419 2892 3527 2956 ubi
3574 2891 3657 2956 de
3699 2911 4015 2981 praecepto

2320 2995 2743 3084 Pythagorico
2772 2995 3284 3075 ἕνα-μοναδικὸν
3311 2994 3618 3077 γενέσθαι.

2401 3136 2491 3150 -·
2524 3119 2621 3163 11.
2666 3102 2950 3163 ποιοῦντα
2994 3099 3283 3187 δεικνῦσι]
3334 3097 3465 3161 Ed.
3513 3100 3795 3164 δείκνυσι.
3870 3101 4016 3186 Ego

2316 3201 2578 3280 correxi,
2609 3199 2689 3265 ad
2720 3199 3083 3267 ὑποστάσεις
3109 3200 3402 3265 referenS.

2402 3329 2467 3393 p.
2501 3308 2648 3386 642,
2679 3326 2737 3379 4.
2789 3304 2827 3383 ἡ
2857 3305 2922 3368 δὲ
2953 3302 3357 3387 ἑναργεστέρα
3387 3304 3556 3388 αὕτη]
3612 3304 3716 3368 Ita
3751 3305 4012 3381 correxi,

2317 3423 2525 3473 motus
2552 3407 2757 3495 capite
2784 3407 2978 3495 hujus
3005 3406 3149 3470 libri
3180 3407 3362 3471 tertio
3389 3428 3456 3492 p.
3473 3409 3623 3493 346.
3654 3408 3732 3470 A.

2399 3547 2487 3562 —-
2522 3513 2621 3576 18.
2670 3513 2747 3577 ὣς
2794 3510 3045 3589 βέλτιον
3092 3510 3274 3595 αὐτῷ]
3327 3509 3458 3572 Fic.
3514 3506 3733 3595 legisse
3766 3508 4015 3575 videtur

2313 3613 2360 3702 ᾧ
2405 3614 2677 3694 βέλτιον,
2725 3611 2953 3676 omisso
2999 3612 3171 3697 αὐτῷ.
3264 3610 3453 3680 Quod
3512 3608 3596 3673 ad
3644 3613 4006 3677 sententiam

2312 3715 2658 3782 commode.

2397 3843 2460 3908 p.
2494 3820 2644 3902 643,
2678 3818 2737 3882 8.
2787 3817 2881 3880 καὶ
2911 3817 3102 3898 σωρός
3129 3841 3215 3883 τις
3242 3815 3621 3899 συμφορητὸς
3647 3816 3841 3902 ἔσται]
3880 3817 4008 3882 Eo·

2310 3922 2454 3986 dem
2484 3944 2666 3986 sensu
2697 3917 3070 3984 vocabulum
3105 3917 3296 4001 σωρὸς
3326 3936 3589 4006 usurpat
3616 3918 3851 3984 Plotini
3880 3920 4006 3985 dis-

2308 4023 2576 4112 cipuluS‚
2625 4022 3037 4111 Porphyriu5‚
3079 4044 3181 4109 ap.
3230 4022 3409 4086 Stob.
3459 4021 3728 4109 Eclogg.
3760 4045 3822 4109 p.
3860 4024 4005 4109 823.

2311 4128 2584 4191 Heeren.

2395 4253 2460 4317 p.
2484 4233 2636 4310 644,
2677 4250 2729 4294 1.
2781 4234 2875 4294 δεῖ
2896 4229 2965 4292 τὸ
3008 4227 3123 4311 πρὸ
3163 4231 3268 4292 τοῦ
3306 4230 3409 4293 δύο
3448 4229 3700 4317 λαβεῖν]
3750 4230 3913 4294 Haec
3943 4244 4006 4294 et

2307 4331 2629 4420 sequentia
2657 4345 2948 4396 excutere
2977 4329 3223 4395 studuit
3260 4330 3668 4396 Tiedemann.
3699 4331 3762 4395 in
3803 4333 4002 4397 δι’-ἰού.

2305 4437 2419 4501 der
2452 4435 2694 4524 φεῖσαί.
2740 4435 3137 4523 Philosophia
3178 4435 3319 4498 III.
3352 4458 3418 4522 p.
3449 4449 3598 4519 374.
3647 4458 3785 4521 sqq.
3832 4450 3896 4500 et
3931 4459 3995 4523 p.

2305 4543 2454 4627 386.
2488 4539 2600 4627 qui
2643 4539 2762 4603 hoc
2808 4538 3063 4603 unitatis
3106 4537 3401 4626 placitum
3448 4561 3485 4603 a
3532 4537 3895 4626 Pythagora
3940 4556 4003 4605 et

2305 4643 2570 4709 Platone
2600 4641 2889 4706 sumsisse
2918 4639 3241 4705 Plotinum
3275 4639 3443 4705 dicit.

2386 4785 2474 4796 —
2506 4762 2564 4829 7.
2611 4748 2695 4810 Τί
2719 4746 2827 4809 οὖν
2861 4749 3053 4819 τοῦτο,
3088 4746 3184 4809 καὶ
3210 4746 3385 4809 ποῖόν
3414 4770 3470 4808 τι
3506 4773 3556 4808 κ.
3585 4770 3636 4809 τ.
3659 4747 3748 4830 λ.]
3830 4748 4001 4824 Quo-

2302 4848 2491 4914 modo
2528 4847 2901 4912 conveniant
2939 4849 2972 4910 ὁ
3015 4851 3148 4913 νοῦς
3185 4861 3248 4911 et
3289 4846 3358 4909 τὸ
3404 4845 3476 4910 ἂν
3517 4861 3579 4911 et
3623 4846 3778 4934 quid
3823 4848 4002 4914 diffe-

2302 4967 2443 5015 rant
2472 4974 2549 5015 ex
2582 4948 2815 5015 Plotini
2848 4948 3152 5013 sententia
3173 4972 3234 5011 v.
3269 4950 3436 5012 Enn.
3460 4950 3539 5012 V.
3567 4970 3627 5033 9.
3658 4967 3712 5013 2.
3741 4949 3827 5014 D.
3858 4950 3996 5014 coll.

2307 5057 2385 5120 V.
2419 5073 2477 5120 2.
2518 5076 2572 5120 ι.
2609 5054 2780 5139 V.3.
2813 5072 2915 5138 13.

2382 5196 2471 5208 ·-
2508 5178 2610 5239 14.
2652 5158 2961 5221 ἁλίσκοιτο
3010 5157 3266 5234 ἐπιβολῇ
3314 5156 3569 5243 ἀθρόας]
3619 5155 3803 5234 Quod
3865 5155 3993 5222 h.l.

2299 5275 2393 5324 est
2423 5260 2685 5341 ἐπιβολὴ
2717 5257 2966 5322 Platoni
3005 5272 3098 5321 est
3144 5257 3469 5338 ἐπέρεισιςτ
3519 5281 3648 5344 quo
3688 5258 3826 5345 ipso
3870 5259 3993 5323 uti-

2301 5380 2406 5429 tur
2434 5363 2619 5428 etiam
2651 5376 2858 5426 noster
2887 5359 3100 5447 paullo
3123 5359 3410 5445 superius
3437 5382 3581 5424 cum
3610 5358 3790 5422 dicit:
3842 5362 3992 5441 ἐρεί-

2299 5473 2502 5534 δοντες
2539 5466 2648 5545 τὴν
2688 5464 2974 5529 διάνοιαν.
3023 5461 3211 5527 Conf.
3246 5464 3394 5548 Ign.
3425 5460 3609 5525 Rossi
3655 5463 3990 5527 Commen-

2300 5584 2409 5636 tat.
2443 5570 2658 5634 Laert.
2691 5591 2755 5655 p.
2792 5583 2937 5651 277.
3027 5564 3153 5642 Qui
3194 5587 3344 5628 usus
3382 5578 3474 5629 est
3511 5563 3992 5651 Epicureorum.
