5118 6613
1074 542 1193 628 158

1075 714 1261 781 Philo
1288 714 1448 779 Jud.
1483 715 1563 780 de
1594 715 1827 780 Mundi
1864 715 2112 803 opificio
2140 739 2205 803 p.
2243 736 2385 799 104.
2416 716 2518 782 ed.
2551 717 2759 784 Pfeiff.

1068 819 1264 899 Ἐρως
1313 819 1362 885 δ’
1416 822 1852 903 ἐπιγενόμενος,
1902 819 2165 903 καθάπερ
2212 822 2345 890 ἑνὸς
2398 825 2547 900 ζῶου
2602 826 2767 888 διττὰ

1076 923 1346 1005 τμήματα
1383 926 1729 1004 διεστηκότα
1766 926 2128 1007 συναγαγὼν
2157 928 2240 993 εἷς
2282 926 2515 1001 ταύτὸν,
2546 929 2763 1008 ἀρμότ·

1074 1052 1257 1092 τεται.
1346 1025 1481 1091 Ubi
1522 1026 1570 1090 si
1611 1026 2037 1091 antecedentia
2063 1028 2426 1116 respexeriS‚
2457 1030 2575 1094 hoc
2604 1052 2768 1118 prae-

1077 1151 1215 1194 sens
1268 1129 1477 1218 aptius
1533 1130 1828 1208 censebiS,
1880 1154 2070 1218 quam
2128 1132 2298 1219 quod
2352 1133 2655 1222 Mangeio
2703 1134 2767 1198 in

1077 1246 1342 1296 mentem
1368 1232 1575 1298 venit:
1623 1234 1920 1316 ἡρμόζετο.
2013 1234 2200 1313 Quod
2232 1257 2379 1301 vero
2421 1235 2502 1300 ad
2549 1235 2770 1325 Olym-

1074 1333 1404 1422 piodorum
1445 1336 1508 1399 in
1541 1336 1741 1402 Alcib.
1772 1359 1868 1424 pr.
1898 1360 1965 1425 p.
1999 1357 2142 1403 211.
2176 1337 2236 1402 in
2268 1339 2548 1425 ejasdem
2596 1342 2764 1404 Con-

1075 1439 1219 1503 vivii
1250 1439 1387 1504 loco
1417 1439 1595 1504 simili
1628 1464 1694 1528 p.
1732 1460 1873 1526 192.
1897 1464 1963 1529 p.
1993 1441 2142 1522 408.
2178 1442 2378 1507 Bekk.
2410 1444 2760 1531 patrocina-

1073 1554 1176 1604 tus
1200 1563 1368 1605 eram
1404 1540 1649 1606 lectioni
1683 1543 1871 1608 ἐθέλω
1909 1546 2056 1625 ὑμᾶς
2095 1549 2374 1625 συντῆξαι
2404 1548 2500 1611 καὶ
2536 1557 2767 1631 συμφυ-

1075 1647 1258 1723 σῆσαι
1288 1647 1370 1712 εἰς
1398 1645 1465 1708 τὸ
1497 1647 1657 1720 αὐτὸ,
1690 1661 1755 1711 et
1784 1646 2177 1736 Reyndersio
2215 1649 2400 1714 etiam
2440 1673 2759 1737 persuase-

1072 1768 1203 1811 ram
1248 1769 1366 1834 pro
1409 1754 1737 1831 συμφῦσαι,
1770 1773 1937 1815 nunc
1980 1751 2233 1838 quidem
2273 1764 2564 1833 retracto,
2601 1777 2766 1819 com-

1074 1862 1281 1914 motus
1309 1873 1434 1915 non
1466 1866 1589 1915 tam
1637 1851 1773 1916 loco
1808 1853 2163 1919 Aristotelis
2209 1855 2398 1921 Polit.
2435 1858 2535 1922 II.
2569 1880 2620 1923 1.
2664 1860 2762 1923 16.

1071 1953 1203 2031 ubi,
1257 1968 1516 2041 tangens
1567 1953 1845 2020 Platonis
1885 1957 2095 2035 verba,
2151 1965 2453 2042 συμφῦναι
2501 1977 2765 2049 usurpat

1076 2059 1391 2146 Stagirita,
1421 2059 1527 2124 sed
1570 2059 1816 2125 Platon.
1846 2062 2056 2149 Epist.
2091 2064 2211 2130 VI.
2239 2087 2306 2153 p.
2330 2083 2481 2151 323.
2513 2064 2578 2128 b.
2610 2091 2761 2145 συμ-

1072 2168 1261 2246 φῦσαι
1306 2165 1401 2228 καὶ
1440 2169 1730 2244 συνδῆσαι
1769 2165 1956 2231 πάλιν
2000 2170 2083 2235 εἰς
2119 2168 2228 2248 τὴν
2262 2169 2766 2253 προϋπάρχουσαν

1071 2269 1364 2349 φιλότητα
1408 2266 1502 2331 καὶ
1544 2270 1874 2343 κοινωνίαν,
1914 2283 1977 2334 et
2024 2270 2262 2358 Synesii
2307 2270 2486 2359 epist.
2526 2291 2664 2357 151.
2696 2293 2762 2358 p.

1073 2368 1219 2453 289.
1250 2368 1335 2433 D.
1362 2393 1377 2432 z
1424 2366 1770 2452 “Ηφαι’στου
1798 2371 1981 2455 τέχνῃ
2011 2375 2378 2452 συντακῆναί
2400 2398 2464 2436 τε
2489 2373 2584 2436 καὶ
2614 2397 2761 2452 συμ-

1069 2476 1287 2555 φυῆναι
1338 2474 1433 2538 καὶ
1480 2472 1547 2537 ἓν
1590 2474 1768 2556 ἄμφω
1828 2474 2135 2557 γενέσθαι.
2227 2474 2456 2539 Similis
2502 2475 2764 2538 varietas

1066 2574 1364 2640 librorum
1404 2589 1497 2640 est
1532 2574 1594 2639 in
1645 2574 1889 2640 Platon.
1920 2576 2001 2641 de
2029 2579 2235 2665 Legg.
2270 2579 2386 2642 IV.
2419 2602 2482 2666 p.
2520 2579 2665 2660 708.
2695 2601 2759 2666 p.

1065 2698 1212 2765 339.
1246 2677 1449 2744 Bekk.
1526 2681 1845 2744 Caeterum
1869 2679 1932 2743 in
1963 2679 2099 2744 loco
2126 2681 2207 2745 de
2227 2680 2629 2745 Providentia
2657 2704 2763 2745 ex-

1066 2781 1375 2870 plicando,
1420 2782 1644 2860 morbi,
1682 2782 1978 2861 vulneris,
2026 2783 2246 2848 medici
2292 2782 2756 2849 similitudinem

1066 2898 1375 2972 usurpant
1417 2883 1602 2948 etiam
1653 2884 1840 2950 Philo
1876 2884 1958 2949 de
1988 2884 2389 2951 Providentia
2421 2887 2522 2950 II.
2552 2909 2617 2972 p.
2649 2906 2757 2972 59.

1066 3011 1160 3075 sq.
1189 2987 1291 3052 ed.
1324 2988 1544 3051 Venet.
1571 2990 1837 3052 Armen.
1866 2987 2247 3053 Theodoret.
2270 2989 2335 3053 in
2368 2989 2755 3077 Therapeut.

1064 3094 1144 3157 V.
1179 3111 1275 3157 10.
1305 3114 1371 3180 p.
1399 3107 1550 3173 417.
1585 3090 1835 3155 Schulz.
1895 3090 2271 3157 Theodorus
2320 3093 2668 3157 Metochita
2705 3117 2756 3157 c.

1065 3198 1169 3262 66.
1200 3217 1261 3283 p.
1292 3215 1440 3277 411.
1474 3217 1563 3280 sq.
1595 3193 1695 3257 ed.
1729 3192 2068 3281 Kiessling.

1150 3324 1218 3389 p.
1247 3321 1399 3386 499,
1427 3300 1485 3364 6.
1536 3300 1687 3364 Οΐον
1728 3299 1824 3363 καὶ
1859 3297 1927 3363 τὸ
1958 3302 2061 3378 τῆς
2086 3296 2339 3379 Ἑλένης
2366 3297 2590 3367 κάλλος
2616 3300 2762 3381 πρὸς

1062 3407 1175 3486 μὲν
1203 3404 1308 3468 τὸν
1335 3400 1534 3484 Πάριν
1560 3403 1717 3466 ἄλλο
1750 3400 2072 3484 εἰργάζετο,
2093 3400 2424 3481 Ἰδομενεὺς
2451 3404 2514 3466 δὲ
2540 3403 2761 3467 ἔπαθεν

1065 3509 1136 3572 οὗ
1164 3507 1232 3572 τὸ
1263 3505 1438 3593 αὔτό]
1502 3503 1790 3568 Paridem
1822 3516 1885 3567 et
1916 3502 2324 3568 Idomeneum
2355 3502 2587 3567 idcirco
2605 3505 2758 3591 juu-

1063 3612 1179 3701 git,
1210 3609 1382 3699 quod
1413 3608 1515 3673 hic
1556 3621 1619 3672 et
1662 3606 1793 3694 ipse
1835 3606 1998 3671 inter
2041 3606 2307 3671 Helenae
2350 3623 2657 3672 amatores
2700 3622 2763 3672 et

1063 3737 1285 3803 procos
1340 3725 1729 3788 numeratur,
1792 3731 1994 3797 neque
2039 3724 2245 3774 tamen
2290 3709 2498 3773 minus
2548 3724 2763 3796 postea

1066 3814 1363 3881 Menelao
1417 3811 1687 3877 amicitia
1736 3811 2091 3898 adjunctuS.
2167 3811 2313 3877 vid.
2378 3811 2567 3876 Iliad.
2623 3813 2761 3877 ΙΙΙ.

1068 3938 1211 4006 232.
1241 3943 1335 4004 sq.
1385 3916 1632 4005 Hygini
1656 3915 1813 3980 Fab.
1842 3916 1942 3979 81.
1974 3932 2037 3980 et
2068 3934 2228 3999 270:
2280 3924 2323 3957 “
2355 3916 2757 3996 IdomeneuS,

1065 4020 1177 4108 qui
1218 4019 1530 4084 Helenam
1564 4017 1852 4082 amavit.”
1924 4017 2264 4105 Eleganter
2304 4033 2513 4084 autem
2563 4018 2754 4083 Scho-

1065 4125 1225 4190 liast.
1257 4124 1478 4188 Venet.
1512 4125 1590 4191 A.
1614 4123 1676 4186 in
1711 4121 1897 4187 Iliad.
1928 4148 1990 4205 γ.
2012 4142 2138 4208 443
2166 4125 2529 4187 ι-ἑνταΰθα
2558 4126 2626 4187 δὲ
2654 4122 2762 4202 τὴν

1062 4229 1321 4310 Ἑλένην
1368 4226 1923 4311 ὀφθαλμοβολήσας
1970 4228 2033 4309 (ὁ
2070 4226 2492 4312 Ἀλέξανδρος)
2538 4226 2764 4310 Ἀφρο-

1071 4336 1228 4413 δίτης
1257 4330 1482 4415 αἱρέσει
1526 4336 1864 4412 βληθεῖσαν
1906 4328 1976 4394 δι’
2018 4330 2480 4414 ἀλληλομαχίαν
2497 4328 2764 4413 Ἔρωτος

1071 4436 1398 4515 ἀναλαβὼν
1427 4434 1835 4515 αὐτὴν-ἧκεν
1861 4433 2018 4516 ἔχων
2042 4432 2223 4512 αὐτὴν
2244 4432 2549 4500 εἷςἼλιον.
2628 4434 2763 4499 Cae-

1070 4554 1273 4605 terum
1333 4537 1452 4605 hoc
1509 4536 1861 4625 exemplum
1919 4534 2164 4601 Paridis
2213 4548 2276 4599 et
2335 4536 2602 4602 Helenoe
2645 4537 2766 4601 fre-

1071 4653 1441 4730 quentatum
1472 4638 1853 4727 philosophis
1880 4637 2072 4703 fuisse
2099 4637 2163 4702 in
2190 4637 2311 4702 hoc
2339 4637 2476 4703 loco
2502 4638 2583 4703 de
2614 4641 2767 4704 Pro-

1072 4743 1349 4809 videntia
1369 4742 1517 4807 mihi
1548 4764 1671 4806 non
1703 4759 2025 4830 tantopere
2046 4741 2423 4829 persuadent
2451 4741 2589 4808 hoec
2619 4744 2769 4808 Phi-

1075 4847 1234 4913 lonis
1276 4847 1467 4912 verba
1510 4844 1653 4911 libr.
1708 4848 1764 4911 I.
1818 4845 1897 4911 de
1954 4845 2357 4911 Providentia
2398 4869 2460 4933 p.
2514 4867 2617 4930 30.
2666 4847 2763 4912 ed.

1077 4954 1334 5019 Armen.
1365 4952 1526 5015 Ven.
1556 4975 1573 5015 z
1620 4959 1665 4990 “
1696 4952 1985 5016 Daturne
2005 4949 2231 5015 alicubi
2256 4949 2616 5037 pulcritudo
2635 4974 2769 5015 cor-

1076 5056 1295 5147 poris?
1340 5053 1530 5120 Dicat
1571 5053 1839 5133 Helena,
1892 5068 2098 5117 narret
2158 5053 2356 5131 Paris,
2409 5056 2769 5119 Amazones

1076 5161 1349 5227 referant
1372 5158 1428 5223 :⁸⁹
1470 5179 1657 5244 quam
1701 5156 1835 5222 haec
1879 5155 2130 5221 Alcinoi
2171 5155 2250 5219 de.
2290 5155 2596 5222 Doctrina
2627 5156 2771 5222 Pla-

1081 5279 1211 5330 ton.
1241 5286 1297 5327 c.
1329 5261 1434 5329 26.
1463 5281 1530 5347 p.
1559 5277 1708 5343 510.
1736 5257 1836 5323 ed.
1878 5259 2044 5324 Dan.
2085 5258 2347 5324 Heins.:
2394 5259 2532 5342 περὶ
2575 5262 2642 5324 δὲ
2686 5261 2767 5326 εἰ·

1079 5364 1376 5449 μαρμένης
1402 5360 1641 5426 τοιαῦτά
1668 5387 1802 5426 τινα
1828 5365 1908 5448 τῷ
1940 5362 2106 5445 ἀνδρὶ
2137 5360 2481 5447 (Πλάτωνι)
2507 5361 2768 5445 ἀρέσκει·

1082 5468 1278 5535 πάντα
1304 5466 1419 5551 γάρ
1453 5474 1643 5547 φησιν
1672 5466 1739 5530 ἐν
1770 5463 2085 5547 εἱμαρμένῃ
2131 5463 2301 5540 εἶναι,
2332 5465 2402 5530 οὗ
2429 5466 2546 5546 μὴν
2574 5465 2770 5530 πάντα

1083 5568 1481 5652 καθειμάρθαι.
1527 5567 1567 5647 ἡ
1621 5569 1739 5650 γὰρ
1795 5565 2114 5649 εἱμαρμένη
2169 5568 2353 5645 νόμου
2406 5568 2574 5649 τάξιν
2631 5567 2767 5633 ἑπέ-

2041 544 2874 612 ANNOTATIONES
2943 547 3056 613 IN
3123 548 3576 614 PLOTINI

2849 747 3064 806 χουσα,
3097 722 3210 806 οὐχ
3238 723 3367 787 οἷον
3393 721 3619 805 λέγειν,
3651 724 3743 787 ὅτι
3766 725 3799 786 ὁ
3827 725 3940 803 μὲν
3966 722 4105 787 τάδε
4132 724 4390 804 ποιήσει,
4415 726 4448 787 ὁ
4477 727 4538 789 δὲ

2851 826 2991 891 τάδε
3018 829 3289 891 πείσεται
3321 828 3436 909 (εἰς
3475 830 3722 909 ἄπειρον
3762 830 3879 910 γᾶρ
3920 831 4112 902 τοῦτο,
4145 831 4406 911 ἀπείρων
4431 832 4538 908 μὲν

2855 932 3046 994 ὄντων
3087 936 3206 994 τῶν
3247 930 3609 1013 γενομένων,
3650 932 3909 1012 ἀπείρων
3954 932 4020 994 δὲ
4062 937 4180 995 τῶν
4216 932 4353 1014 περὶ
4396 931 4538 995 avr&

2856 1034 3329 1112 συμβαινόντων·
3379 1033 3583 1097 ἔπειτα
3614 1033 3708 1096 καὶ
3729 1032 3798 1096 τὸ
3830 1030 3926 1115 ἐφ’
3948 1032 4088 1112 ἡμῖν
4115 1031 4426 1116 οἰχήσεται
4449 1034 4537 1098 καὶ

2856 1136 3087 1201 ἔπαινοι
3117 1137 3211 1201 καὶ
3250 1139 3460 1220 ψόγοι,
3507 1137 3602 1200 καὶ
3642 1136 3710 1200 τὸ
3752 1137 4036 1203 τοιούτοις
4065 1136 4534 1221 παραπλήσιον.)

2857 1240 3021 1303 ἀλλὰ
3047 1241 3139 1304 ὅτι
3179 1242 3236 1304 εἴ
3268 1264 3355 1306 τις
3391 1238 3468 1303 ἂν
3509 1239 3714 1317 ἕληται
3753 1238 3927 1321 ψυχὴ
3954 1243 4223 1303 τοιοῦτον
4250 1240 4414 1319 βίον,
4448 1240 4538 1303 καὶ

2853 1341 2991 1405 τάδε
3018 1345 3153 1407 τινα
3180 1341 3389 1424 πράξει
3416 1339 3556 1405 τάδε
3573 1344 3707 1405 τινὰ
3736 1341 3880 1420 αὐτῇ
3911 1341 4146 1423 ἕψεται.
4211 1341 4352 1422 (Ita
4377 1341 4537 1405 enim

2851 1442 3362 1530 distinguendum
3404 1459 3469 1509 et
3508 1442 3959 1528 scribendum.)
4001 1444 4337 1509 ἀδέσποτον
4365 1446 4472 1510 οὖν
4505 1446 4540 1523 ἡ

2848 1546 3042 1630 ψυχὴ,
3076 1548 3171 1611 καὶ
3201 1546 3290 1612 ἐπ’
3323 1548 3465 1627 αὐτῇ
3492 1549 3606 1627 μὲν
3632 1547 3702 1610 τὸ
3728 1545 4019 1629 πρᾶξαι,ἣ
4044 1547 4144 1627 μὴ,
4178 1549 4274 1612 καὶ
4304 1548 4375 1611 οὗ
4406 1572 4531 1611 κατ-

2848 1649 3217 1733 ηνάγκασται
3253 1654 3445 1714 τοῦτο·
3492 1650 3559 1714 τὸ
3600 1652 3666 1714 δὲ
3699 1652 4005 1730 ’ἑπόμενον
4047 1655 4118 1730 τῇ
4158 1650 4385 1733 πράξει,
4419 1637 4537 1714 καθ’

2851 1753 3206 1835 εἱμαρμένην
3234 1753 3796 1832 συντελεσθήσεται·
3841 1754 3972 1818 οἷον
4000 1758 4103 1840 τῷ,
4137 1753 4328 1835 Πάρις
4354 1756 4537 1834 ἁρπά-

2850 1879 2949 1919 σει
2995 1855 3104 1934 τῆν
3145 1853 3422 1934 Ἑλένην,
3473 1853 3562 1919 ἐπ’
3618 1855 3772 1941 αὐτῷ
3816 1856 3964 1928 ὄντι,
4014 1854 4413 1933 ἀκολουθήσει
4454 1854 4537 1927 τὸ,

2848 1957 3261 2038 πολεμήσουσι
3287 1961 3566 2040 Τρώεσσι
3586 1958 3721 2039 περὶ
3749 1962 3850 2038 τῆς
3868 1956 4124 2038 Ἑλένης
4152 1955 4534 2037 οἱ“Ἐλληνες.

2852 2062 3182 2148 Integrum
3243 2059 3450 2126 locum
3516 2061 3805 2149 apposui,
3871 2075 4089 2149 utpote
4160 2060 4535 2125 simillimum

2853 2163 3208 2230 Plotiniano
3235 2186 3377 2228 cum
3411 2164 3638 2242 verbiS‚
3672 2179 3802 2228 tum
3831 2164 4170 2228 sententiis.
4250 2163 4449 2229 Plane
4476 2164 4533 2228 in

2848 2267 3214 2333 contrariam
3262 2266 3626 2331 sententiam
3675 2266 3997 2331 Lucianus
4039 2265 4346 2331 dicentem
4397 2266 4537 2330 facit

2851 2371 3140 2437 Paridem
3162 2371 3224 2435 in
3251 2369 3542 2457 Dialogg.
3576 2372 3800 2434 Mortt.
3836 2370 4053 2434 XIX.
4086 2388 4137 2433 1.
4171 2392 4234 2456 p.
4268 2369 4535 2451 411.ed.

2853 2477 3128 2539 Wetst.:
3178 2474 3358 2540 οἶσθα
3405 2477 3488 2547 δὲ,
3544 2475 3621 2540 ’ὥς
3678 2475 3959 2539 ἀκούσιόν
4008 2497 4063 2536 τι
4116 2474 4266 2545 ἐστι,
4314 2474 4417 2536 καί
4460 2498 4540 2539 τις

2849 2580 2999 2660 ἡμᾶς
3043 2581 3267 2659 δαίμων
3316 2580 3468 2660 ἄγει,
3517 2578 3663 2642 ἔνθα
3714 2577 3789 2642 ἂν
3835 2577 4034 2658 ἐθέλῃ·
4105 2577 4199 2640 καὶ
4251 2577 4540 2641 ἀδύνατόν

2851 2684 3017 2747 ἐστιν
3047 2680 3496 2747 ἀντιτάττεσθαι
3526 2679 3700 2766 αὐτῷ.
3795 2680 3931 2744 Isto
3959 2679 4186 2743 scilicet
4231 2678 4421 2742 modo
4450 2678 4537 2742 ni-

2847 2784 2936 2849 hil
2981 2807 3104 2849 non
3143 2782 3520 2871 flagitiorum
3560 2805 3856 2847 excusare
3885 2782 4098 2871 possis.
4189 2782 4376 2861 Quod
4407 2781 4540 2846 reli-

2843 2910 3041 2976 quum
3088 2902 3203 2963 est,
3240 2885 3421 2950 mitto
3458 2885 3714 2950 alteram
3760 2884 3937 2949 istam
3987 2884 4320 2963 Helenam,
4351 2907 4539 2972 quam

2847 2991 3060 3055 Simon
3103 2993 3342 3077 Magus
3390 2989 3642 3053 finxisse
3680 2988 3912 3053 dicitur
3947 2988 4008 3052 in
4052 2987 4160 3052 illa
4204 2987 4409 3076 priore
4453 2989 4541 3051 in-

2843 3094 3057 3172 fuisse,
3105 3108 3361 3181 propter
3405 3114 3595 3179 quam
3644 3093 3996 3180 Trojanum
4039 3089 4272 3156 bellum
4318 3090 4542 3155 confia-

2847 3213 2980 3262 tum
3044 3196 3142 3261 sit.
3210 3197 3527 3279 (Irenoeus
3576 3195 3722 3260 adv.
3775 3197 4020 3259 Haeres.
4068 3194 4175 3258 lib.
4225 3196 4281 3258 1.
4327 3218 4382 3260 c.
4435 3216 4535 3281 23.

2847 3300 3024 3387 Orig.
3074 3324 3131 3364 c.
3175 3299 3342 3365 Cels».
3373 3300 3447 3365 V.
3482 3300 3582 3363 62.
3620 3321 3685 3386 p.
3716 3300 3865 3383 625.
3908 3297 4152 3383 Ruaei.)
4230 3298 4540 3365 Laudabo

2846 3403 3056 3491 potius
3095 3402 3334 3490 aliquot
3376 3402 3543 3467 locos
3581 3401 3973 3490 scriptorum,
4005 3401 4115 3488 qui
4159 3402 4294 3467 haec
4324 3402 4423 3467 vel
4469 3404 4544 3467 si-

2845 3507 3012 3571 milia
3041 3505 3295 3584 habent,
3326 3505 3374 3569 si
3403 3505 3567 3570 forte
3609 3503 4030 3591 Philosophia·
4074 3522 4138 3570 et
4178 3505 4538 3594 Theologiae

2845 3609 3101 3675 studiosi
3134 3608 3454 3674 consulere
3480 3608 3708 3673 velint:
3761 3607 3947 3673 Philo
3975 3608 4130 3674 Jud.
4171 3607 4252 3673 de
4283 3608 4539 3674 Provid.

2851 3715 2950 3779 11.
3002 3736 3064 3800 p.
3108 3732 3210 3798 97.
3264 3736 3400 3800 sqq.
3454 3711 3555 3777 ed.
3605 3714 3869 3776 Armen.
3930 3713 4090 3775 Ven.
4153 3711 4536 3777 Theodoret.

2852 3818 3128 3904 Therap.
3169 3815 3272 3880 lib.
3314 3817 3391 3880 V.
3432 3836 3529 3879 ιο.
3575 3837 3639 3902 p.
3671 3815 3817 3894 416.
3866 3836 3960 3901 sq.
4000 3813 4251 3880 Schulz.
4302 3816 4535 3880 Neme-

2845 3920 2973 3985 sius
3001 3920 3081 3984 de
3112 3920 3256 3983 Nat.
3292 3920 3487 3983 Hom.
3526 3918 3677 3981 XL.
3708 3940 3771 4003 p.
3806 3936 3955 4003 317.
3987 3940 4123 4005 sqq.
4164 3916 4264 3984 ed.
4300 3919 4533 3983 Matth.

2847 4022 2955 4088 ubi
2985 4022 3119 4087 baec
3161 4021 3318 4086 bene
3356 4019 3436 4084 ad
3466 4018 3660 4083 nostri
3690 4017 3808 4083 loci
3845 4033 4284 4104 argumentum
4315 4020 4541 4085 facien-

2849 4125 2972 4191 tia:
3028 4132 3117 4212 (p.
3147 4142 3294 4210 320.
3327 4138 3389 4186 et
3420 4146 3485 4211 p.
3510 4125 3689 4208 329.)
3718 4120 3912 4186 οὖκέτι
3942 4123 4006 4185 δὲ
4034 4121 4071 4201 ἡ
4103 4121 4247 4201 αὐτὴ
4278 4122 4395 4202 ἕξις
4421 4129 4537 4187 τῶν

2850 4227 3284 4307 ἀντικειμένων,
3334 4228 3464 4291 οἷον
3505 4229 3611 4289 τοῦ
3656 4224 4114 4289 ἀκολασταίνειν
4159 4224 4255 4287 καὶ
4296 4234 4532 4307 σωφρο-

2852 4339 2998 4407 νεῖν,
3028 4329 3539 4415 ἣτοΰψεύδεσθαι
3570 4331 3665 4395 καὶ
3693 4331 4024 4410 ἀληθεύειν,
4050 4332 4216 4395 ἀλλὰ
4230 4336 4349 4395 τῶν
4369 4334 4537 4396 ἐναν-

2849 4438 2992 4501 τίων
3032 4436 3095 4499 αἰ
3143 4437 3424 4499 ἐναντίαι·
3471 4435 3539 4498 τὸ
3581 4435 3694 4514 μὲν
3731 4436 3848 4516 γὰρ
3894 4440 4234 4516 σωφρονεῖν
4275 4438 4376 4513 τῆς
4416 4433 4534 4498 κατ’

2851 4537 3065 4623 ἀρετήν
3093 4540 3260 4603 ἐστιν
3290 4538 3481 4618 ἕξεως·
3512 4537 3580 4601 τὸ
3603 4539 3669 4602 δὲ
3686 4536 4165 4610 ἀκολασταίνειν,
4186 4539 4288 4615 τῆς
4315 4538 4535 4604 κακίας.

2852 4643 2957 4707 οὐκ
2996 4642 3152 4706 εἰσὶν
3194 4643 3308 4725 ἆρα
3341 4647 3460 4705 τῶν
3504 4640 3807 4720 δυνάμεων
3849 4641 3912 4704 αἱ
3956 4640 4167 4715 κακίαι,
4215 4642 4380 4705 ἀλλὰ
4421 4647 4538 4705 τῶν

2853 4748 3034 4827 ἕξεων
3065 4747 3160 4810 καὶ
3187 4751 3288 4826 τῆς
3322 4744 3740 4827 προαιρέσεως.
3787 4743 3857 4807 οὐ
3892 4745 4010 4825 γὰρ
4037 4743 4074 4822 ἦ
4103 4743 4345 4823 δύναμίς
4374 4746 4538 4808 ἐστιν

2849 4851 2889 4931 ἡ
2914 4849 3442 4933 παρασκευάζουσα
3460 4849 3610 4928 ἡμᾶς
3629 4845 4107 4918 ἀκολασταίνειν,
4127 4843 4164 4924 ἦ
4184 4848 4534 4928 ψεύδεσθαι,

2854 4952 2989 5017 ἀλλ’
3018 4953 3056 5033 ἡ
3083 4953 3423 5035 προαίρεσις
3453 4950 3547 5034 ἐφ’
3578 4952 3718 5030 ἡμῖν
3745 4952 3860 5031 γὰρ
3888 4949 3965 5027 ἦν
3994 4949 4308 5027 ἀληθεύειν
4338 4952 4435 5014 καὶ
4460 4951 4539 5031 μὴ

2852 5058 3205 5139 ψεύδεσθαι.
3286 5056 3601 5136 (Fortasse
3637 5051 3884 5141 plenius
3927 5049 4224 5115 dederat:
4275 5053 4357 5132 ἐφ
4401 5054 4540 5134 ἡμῖν

2854 5161 2970 5241 γᾶρ
2990 5159 3065 5240 ἦν
3094 5159 3163 5223 τὸ
3192 5159 3654 5224 ἀκαλασταίνειν
3679 5156 3773 5219 καὶ
3800 5155 3869 5218 τὸ
3897 5156 4233 5239 ψεύδεσθαι
4259 5153 4387 5235 ἣτὸ
4420 5183 4537 5222 σω-

2855 5268 3103 5345 φρονεῖν
3139 5264 3233 5327 καὶ
3276 5262 3344 5326 τὸ
3388 5261 3747 5341 ἀληθεύειν)
3799 5256 4121 5322 Hierocles
4164 5257 4244 5322 de
4289 5258 4537 5326 Provid.

2853 5384 2957 5452 ap.
3001 5364 3187 5429 Phot.
3222 5363 3381 5430 Cod.
3415 5382 3562 5446 251.
3605 5364 3700 5449 (p.
3729 5364 3834 5442 64.
3866 5384 3958 5448 sq.
4002 5358 4104 5424 ed.
4150 5359 4395 5445 Lond.)
4434 5366 4543 5445 φύ-

2856 5492 2952 5532 σει
2979 5470 3097 5550 γὰρ
3126 5466 3162 5548 ἡ
3192 5466 3526 5549 ἀνθρωπίνη
3559 5464 3730 5548 ψυχὴ
3768 5465 4004 5541 τοιαύτη
4047 5467 4540 5546 δημιουργηθεῖσα

2860 5570 2955 5634 καὶ
2990 5570 3138 5652 πρὸς
3181 5569 3288 5649 τὴν
3327 5569 3497 5633 θείαν
3543 5566 3802 5643 εὐζωΐαν,
3851 5565 3947 5628 καὶ
3982 5565 4128 5646 πρὸς
4171 5565 4280 5644 τὴν
4322 5569 4542 5647 θνητὴν
