5118 6613
1048 547 1179 614 344

1051 699 1133 764 ad
1173 698 1310 785 ejus
1343 695 1654 784 judicium
1696 694 1775 759 de
1806 695 2363 783 Peripateticorum
2397 691 2750 780 Theologia

1052 800 1574 889 cognoscendum,
1619 823 1779 887 quos
1827 798 1926 863 hic
1975 798 2121 863 satis
2166 798 2390 863 diserte
2435 797 2751 874 ἀθεότητος

1055 928 1191 970 reos
1218 904 1369 992 agit.
1458 905 1561 967 De
1591 902 1848 968 materia
1876 900 2332 989 comparandus
2375 915 2470 965 est
2497 898 2745 963 Aristo-

1052 1007 1203 1073 teles
1250 1008 1311 1071 in
1362 1006 1749 1093 MetaphySS.
1798 1007 1852 1070 I.
1897 1009 1956 1070 6.
2010 1005 2090 1070 de
2135 1029 2265 1093 quo
2311 1004 2447 1068 loco
2489 1001 2750 1090 aliisque

1053 1110 1379 1198 disputant
1414 1108 1840 1175 Cudworthus
1882 1126 1946 1173 et
1989 1107 2381 1172 Moshemius
2424 1107 2485 1170 in
2535 1108 2748 1193 Syste·

1054 1227 1219 1279 mate
1252 1212 1561 1278 Intellect.
1598 1213 1711 1276 IV.
1750 1230 1810 1276 2.
1850 1229 1945 1294 27.
1994 1235 2054 1299 p.
2088 1232 2237 1297 943.
2267 1234 2406 1298 sqq.

1145 1339 1206 1402 p.
1248 1316 1436 1394 1086,
1476 1316 1572 1378 16.
1625 1313 1768 1378 αὐτὸ
1819 1316 1884 1378 δὲ
1934 1313 2130 1378 πάντα
2180 1317 2421 1379 δύναται
2471 1314 2749 1396 γίνεσθαι

1053 1420 1581 1502 σχηματιζόμενον,
1613 1419 1816 1498 ὥσπερ
1856 1418 1888 1479 ὁ
1928 1420 1998 1497 τῇ
2037 1416 2286 1500 ὀρχήσει
2327 1416 2524 1480 πάντα
2568 1414 2748 1479 αὑτὸν

1052 1522 1504 1587 ποιῶν-οὕτως
1547 1519 1684 1583 οὐδὲ
1726 1518 1801 1597 ἣν
1845 1518 2132 1602 λέγουσιν
2173 1521 2469 1601 ὕλην-εἷ
2508 1518 2583 1601 γέ
2628 1544 2750 1585 πως

1052 1624 1280 1707 ἔχουσα
1305 1624 1420 1702 ὕλη
1449 1625 1523 1686 τὰ
1551 1623 1732 1694 ἄλλα,
1765 1623 1843 1688 ὥς
1868 1648 1993 1689 πως
2023 1622 2181 1706 ἔχων
2210 1624 2244 1684 ὁ
2273 1624 2633 1705 ὀρχούμενος
2675 1623 2749 1685 τὰ

1053 1725 1379 1811 σχήματα.]
1449 1725 1528 1789 In
1582 1723 1702 1789 hoc
1752 1724 2033 1789 membro
2085 1725 2289 1790 nescio
2329 1749 2444 1790 cur
2491 1724 2749 1789 Ficinus

1054 1827 1287 1892 verba:
1362 1827 1634 1909 ἐνέργεια
1690 1831 1806 1909 γὰρ
1863 1829 2043 1893 αὐτοῦ
2095 1827 2171 1892 τὰ
2229 1831 2393 1894 ἄλλα
2442 1827 2743 1892 verterit:

1052 1939 1095 1970 “
1131 1932 1291 1995 Nam
1340 1946 1554 2018 gestus
1599 1930 1852 2017 quidem
1891 1931 2088 2018 ipsius
2135 1931 2623 2019 (tripudiatoris)
2670 1932 2744 1994 fl-

1047 2058 1228 2121 gurae
1256 2035 1462 2110 sunt,”
1491 2056 1632 2099 cum
1671 2033 1875 2099 codd.
1907 2033 2059 2098 nihil
2097 2035 2284 2099 variae
2328 2034 2607 2099 lectionis
2649 2034 2744 2098 of·

1048 2137 1273 2202 ferant.
1348 2137 1640 2200 Debebat
1670 2136 1914 2224 potius:
1950 2138 2125 2201 Nam
2153 2140 2362 2226 ipsius
2390 2147 2569 2202 actus
2596 2147 2749 2203 sunt

1049 2242 1316 2329 reliqua,
1348 2264 1432 2304 sc.
1464 2240 1693 2318 omnia,
1723 2263 1868 2328 quae
1897 2239 2181 2306 saltando
2206 2256 2608 2328 repraesentat
2636 2239 2749 2304 mi-

1050 2366 1210 2408 mus„
1300 2344 1527 2430 Neque
1571 2344 1873 2408 sententia
1909 2343 2302 2430 discrepabit,
2333 2343 2384 2408 si
2412 2343 2554 2430 quis
2584 2343 2745 2409 forte

1047 2445 1380 2533 legendum
1412 2461 1657 2510 censeat
1687 2447 1972 2532 ἐνεργείᾳ.
2048 2448 2195 2534 Ego
2220 2446 2401 2512 aliam
2432 2448 2746 2535 conjectu-

1047 2573 1179 2615 ram
1224 2550 1557 2637 adponam,
1589 2572 1735 2637 quae
1778 2549 1857 2614 ad
1906 2548 2098 2614 totius
2140 2548 2255 2615 loci
2298 2568 2740 2637 argumentum

1050 2654 1336 2740 pertinet.
1430 2654 1628 2717 Po‘eta
1658 2652 1887 2740 Odyss.
1919 2657 1969 2717 δ.
2002 2673 2153 2736 417.
2186 2677 2280 2741 sq.
2315 2654 2395 2719 de
2425 2656 2694 2719 Proteo:

1211 2812 1391 2865 Πάντα
1417 2811 1473 2866 δὲ
1500 2813 1804 2884 γιγνόμενος
1828 2810 2146 2883 πειρήσεται,
2176 2810 2302 2867 aaa·
2332 2812 2416 2867 ἐπὶ
2440 2815 2592 2886 γαῖαν

1208 2908 1397 2979 ἑρπετὰ
1426 2906 1708 2980 γίγνονται,
1739 2908 1821 2961 καὶ
1846 2906 1983 2980 ὕδωρ
2009 2910 2092 2963 καὶ
2119 2909 2392 2965 θεσπιδαὲς
2416 2913 2539 2981 πῦρ.

1053 3058 1364 3123 Lucianus
1415 3058 1494 3123 de
1544 3059 1883 3123 Saltatione
1931 3061 2147 3125 XIX.
2197 3085 2257 3149 p.
2291 3064 2435 3146 278.
2492 3086 2585 3150 sq.
2639 3062 2741 3127 ed.

1049 3163 1281 3226 Wetst.
1308 3187 1322 3226 ε
1361 3167 1525 3227 δοκεῖ
1546 3161 1661 3245 γάρ
1688 3188 1789 3243 μοι
1815 3164 1848 3225 ὁ
1877 3162 2132 3231 παλαιὸς
2156 3169 2336 3244 μῦθος
2365 3167 2460 3230 καὶ
2490 3166 2744 3248 Πρωτέα

1048 3263 1159 3329 τὸν
1190 3267 1516 3349 Αἰγύπτιον
1544 3265 1649 3331 οὐκ
1687 3267 1844 3331 ἄλλο
1889 3291 1945 3331 τι
1985 3264 2023 3347 ἢ
2067 3267 2367 3352 ὀρχηστήν
2394 3295 2527 3334 τινα
2571 3269 2740 3353 γενέ-

1049 3374 1192 3434 σθαι
1236 3370 1460 3452 λέγειν,
1500 3368 1807 3450 μιμητικὸν
1851 3371 2182 3452 ἄνθρωπον,
2226 3373 2322 3436 καὶ
2363 3370 2510 3455 πρὸς
2549 3372 2746 3437 πάντα

1048 3474 1514 3558 σχηματίζεσθαι
1553 3473 2027 3553 δυνάμενον.-ὁ
2057 3477 2122 3538 δὲ
2149 3479 2332 3555 μῦθος
2366 3478 2743 3558 παραλαβὼν

1046 3573 1193 3658 πρὸς
1220 3573 1289 3639 τὸ
1317 3578 1808 3658 παραδοξότερον,
1840 3577 1948 3656 τὴν
1976 3580 2163 3660 φύσιν
2191 3579 2369 3643 αὐτοῦ
2397 3579 2738 3662 διηγήσατο,

1049 3681 1128 3747 ὥς
1152 3678 1509 3762 γιγνομένου
1538 3684 1741 3753 ταῦτα,
1783 3679 1932 3762 ἅπερ
1972 3682 2252 3761 ἐμιμεῖτο.
2299 3683 2445 3764 ὅπερ
2485 3683 2580 3747 καὶ
2620 3689 2743 3751 τοῖς

1049 3786 1156 3846 νῦν
1191 3781 1575 3866 ὀρχουμένοις
1617 3779 1964 3864 πρόσεστιν.
2009 3785 2155 3851 ἴδοις
2197 3783 2245 3846 τ’
2277 3784 2355 3850 ἂν
2392 3788 2498 3850 οὖν
2536 3785 2745 3854 αὐτοὺς

1047 3881 1192 3965 πρὸς
1229 3882 1334 3948 τὸν
1366 3882 1546 3949 αὐτὸν
1588 3882 1791 3966 καιρὸν
1829 3884 2023 3953 ὠκέως
2065 3887 2616 3968 διαλλαττομένους,
2649 3890 2745 3953 καὶ

1049 3985 1228 4050 αὐτὸν
1274 3985 1663 4066 μιμουμένους
1709 3985 1812 4050 τὸν
1860 3988 2132 4069 Πρωτέα.
2232 3989 2416 4054 Plato
2465 3990 2745 4055 similiter

1046 4086 1424 4152 παντοδαπὸν
1451 4090 1769 4172 γίγνεσθαι
1812 4105 2076 4178 usurpat
2118 4091 2197 4156 de
2239 4092 2439 4179 poetis
2476 4093 2538 4156 in
2575 4095 2738 4182 Rep.

1050 4191 1152 4255 II.
1202 4214 1261 4277 p.
1292 4190 1440 4276 381.
1488 4214 1551 4279 p.
1590 4211 1729 4256 1012.
1766 4192 1965 4256 Bekk.
2013 4208 2076 4257 et
2125 4196 2263 4259 III.
2296 4197 2446 4281 389.
2495 4220 2555 4284 p.
2601 4216 2742 4281 129.

1049 4292 1391 4380 Eleganter
1416 4293 1582 4359 idem
1616 4295 1827 4361 Protei
1870 4296 2145 4361 fabulam
2192 4298 2273 4362 ad
2318 4298 2742 4387 philosophos,

1049 4395 1161 4483 qui
1189 4396 1251 4459 in
1283 4420 1496 4461 omnes
1532 4412 1741 4485 partes
1769 4422 1834 4465 se
1863 4417 2255 4481 convertunt,
2284 4425 2486 4489 neque
2529 4418 2744 4491 aperte

1049 4499 1412 4564 sententiam
1465 4523 1637 4566 suam
1688 4501 2000 4569 declarare
2051 4506 2293 4583 volunt,
2341 4505 2632 4571 adhibuit
2675 4507 2742 4571 in

1051 4601 1462 4689 Euthydemo
1504 4626 1568 4691 p.
1605 4605 1751 4669 288.
1786 4605 1851 4671 b.
1873 4631 1924 4671 c.
1968 4630 2032 4694 p.
2067 4610 2215 4688 426.
2256 4608 2546 4687 Bekkeri,
2578 4609 2739 4697 (qui,

1048 4719 1264 4769 contra
1292 4705 1645 4770 Heindorfli
1666 4707 1978 4794 judicium
2008 4710 2238 4775 ibidem
2270 4710 2571 4778 intactum
2603 4713 2743 4778 reli-

1048 4807 1192 4894 quit
1228 4807 1676 4891 ὑφηγήσασθαι,
1709 4834 1896 4898 quam
1942 4811 2265 4879 lectionem
2306 4815 2489 4880 etiam
2533 4818 2741 4882 firmat

1047 4912 1592 4999 praestantissimus
1621 4914 1838 4979 Codex
1874 4916 2306 5003 Bodleianus).
2396 4920 2543 4983 Jam
2588 4933 2743 4985 teste

1049 5015 1389 5080 Eustathio
1417 5016 1480 5080 in
1513 5017 1742 5105 odyss.
1774 5018 1816 5083 l.
1842 5018 1878 5082 l.
1911 5041 1973 5106 p.
2001 5037 2142 5103 177.
2167 5020 2354 5086 Basil.
2386 5044 2454 5109 p.
2481 5039 2621 5105 174.
2642 5023 2739 5089 ed.

1051 5118 1227 5207 Lips.
1274 5133 1449 5184 erant
1492 5120 1871 5209 philosophi,
1905 5122 2013 5209 qui
2050 5124 2347 5187 Proteum
2393 5125 2743 5212 acciperent

1048 5244 1166 5308 pro
1196 5222 1489 5303 Materia,
1518 5247 1663 5311 quae
1705 5240 1849 5289 actu
1887 5227 1960 5290 fit
2004 5224 2154 5289 nihil
2202 5226 2578 5292 formarum:
2626 5253 2739 5317 po-

1049 5325 1242 5390 tentia
1284 5350 1430 5392 vero
1473 5326 1713 5392 omnia:
1762 5328 2038 5411 φάμενοι,
2071 5330 2324 5412 Πρωτέα
2365 5330 2473 5410 τὴν
2513 5330 2738 5414 πρωτό·

1048 5452 1233 5508 γονον
1274 5429 1426 5494 εἶναι
1466 5433 1638 5510 ὕλην,
1671 5432 1779 5511 τὴν
1807 5438 1925 5496 τῶν
1956 5434 2126 5496 εἱδῶν
2154 5432 2394 5516 δεχάδα,
2424 5434 2533 5514 τὴν
2576 5437 2739 5517 ἐνερ-

1050 5530 1185 5615 γείᾳ
1230 5533 1343 5612 μὲν
1388 5533 1580 5598 οὖσαν
1619 5536 1804 5614 μηδὲν
1851 5540 1968 5600 τῶν
2015 5537 2203 5609 εἰδῶν,
2254 5536 2496 5618 δυνάμει
2539 5540 2624 5613 δὲ,
2670 5535 2745 5602 τὰ

1983 520 2827 587 ANNOTATIONES
2891 520 3002 584 IN
3065 520 3498 586 PLOTINI

2833 694 3047 758 πάντα.
3121 694 3281 771 Quae
3312 692 3420 757 ubi
3450 692 3513 757 in
3545 715 3741 758 unum
3770 691 4173 780 colliguntur,
4204 691 4528 780 probabile

2833 796 2928 873 fit,
2959 795 3303 873 Plotinum,
3334 795 3444 883 qui
3488 795 3656 860 illam
3700 795 4088 883 allegoricam
4134 795 4253 860 loci
4285 797 4521 860 Home-

2835 900 2942 964 rici
2971 900 3539 987 interpretationem
3569 900 3740 965 haud
3771 899 3964 965 dubie
3990 900 4301 987 cognitam
4332 899 4524 964 habe-

2838 1019 2953 1077 ret,
2983 1019 3043 1068 et
3074 1004 3333 1067 fortasse
3368 1003 3500 1090 ipse
3539 1003 3992 1091 comprobaret,
4025 1005 4375 1090 Romaeque
4416 1018 4527 1066 aut

2835 1104 2969 1169 aliis
2997 1105 3059 1170 in
3089 1105 3237 1170 locis
3267 1105 3486 1170 mimos
3517 1106 3721 1171 Protei
3751 1129 4077 1194 personam
4106 1104 4391 1170 saltando
4418 1127 4522 1168 ex-

2835 1210 3193 1297 primentes,
3223 1208 3496 1287 vidisset,
3526 1209 3801 1275 indidem
3831 1232 4041 1274 ansam
4071 1207 4426 1296 arripuisse,
4457 1220 4531 1271 ut

2835 1313 2897 1377 in
2929 1312 3064 1377 loco
3091 1312 3171 1377 de
3202 1313 3470 1376 Materia
3497 1313 3729 1377 formas
3757 1335 3971 1376 omnes
4007 1311 4289 1400 potentia
4329 1309 4523 1375 conti-

2834 1432 3043 1495 nente,
3086 1415 3445 1480 saltatorum
3498 1415 3579 1480 ad
3627 1439 3840 1480 omnes
3884 1415 4120 1503 figuras
4165 1438 4231 1479 se
4273 1436 4522 1501 compo-

2835 1518 3113 1583 nentium
3146 1517 3548 1583 similitudine
3579 1532 3878 1583 uteretur.
3956 1518 4061 1582 Cf.
4090 1530 4301 1582 annot.
4331 1530 4521 1580 nostr.

2834 1645 3024 1709 supra
3050 1621 3113 1685 in
3149 1623 3289 1686 ΙΙΙ.
3325 1625 3389 1685 6.
3427 1624 3525 1686 16.
3573 1645 3634 1709 p.
3670 1642 3817 1707 319.
3849 1623 3924 1686 B.

2918 1747 2981 1811 p.
3018 1727 3204 1807 1089,
3235 1746 3295 1811 3.
3327 1725 3642 1807 ὑποβάθρα
3671 1725 3894 1812 ἐκεῖνο]
3933 1723 4210 1790 Vaticani
4238 1722 4526 1787 librarius

2835 1826 3083 1892 videtur
3111 1827 3409 1892 voluisse:
3457 1826 3774 1910 ὑπόβαθρα
3804 1829 4028 1914 ἐκείνῳ.
4103 1827 4239 1892 Nec
4266 1825 4408 1890 libri
4437 1841 4527 1889 ta-

2834 1952 2998 2011 men,
3029 1953 3140 1995 nec
3174 1930 3371 1994 Ficin.
3403 1930 3556 2018 quid
3586 1930 3897 1996 varietatis
3924 1929 4239 1995 exhibent.

2917 2056 2981 2120 p.
3021 2053 3205 2116 1090,
3241 2051 3299 2096 2.
3346 2034 3548 2115 ὥσπερ
3579 2035 3654 2098 ἄν
3680 2059 3769 2100 τις
3797 2037 4034 2114 διαιρῶν
4062 2032 4170 2112 τὴν
4199 2031 4524 2112 ἐπιστήμην

2832 2137 2940 2216 τὴν
2994 2138 3107 2217 μὲν
3162 2136 3568 2218 γραμματικὴν
3624 2135 3827 2220 λέγοι]
3888 2135 4223 2222 Respicere
4275 2132 4525 2199 videtur

2835 2237 3191 2303 Aristotelis
3222 2241 3488 2325 Categg.
3525 2240 3640 2303 VI.
3678 2239 3779 2303 26.
3829 2238 3936 2303 ubi
3980 2238 4197 2303 eadem
4241 2236 4526 2325 exempla

2836 2356 3239 2428 usurpantur.

3504 2515 3608 2579 LI
3628 2516 3704 2579 B.
3755 2515 3851 2579 ΙΙ.

2915 2649 2988 2713 Ρ.
3031 2669 3214 2734 1093,
3247 2666 3303 2731 7.
3369 2653 3563 2712 ΠΕΡΙ
3607 2653 3785 2711 ΤΩΝ
3831 2653 4117 2712 ΓΕΝΩΝ
4159 2652 4328 2712 Tor
4370 2653 4516 2712 oN-

2825 2757 3011 2823 ΤΟΣ,
3037 2752 3528 2839 ΔΕΥΤΕΡΟΝ]
3549 2752 3918 2814 Extremam
3943 2773 4153 2816 vocem
4176 2765 4522 2838 agnoscunt

2828 2853 2969 2919 libri
3003 2856 3201 2919 MSS.
3233 2868 3496 2941 excepto
3534 2876 3662 2918 uno
3703 2853 3897 2917 nostri
3935 2876 4168 2918 omnes.
4260 2855 4381 2919 Est
4422 2852 4522 2918 hic

2827 2956 3007 3037 liber,
3050 2958 3344 3046 temporis
3385 2957 3663 3022 ordinem
3712 2957 3761 3022 si
3805 2957 4076 3044 respicis,
4115 2957 4519 3045 quadragesi·

2828 3084 2970 3126 mus
3011 3077 3075 3127 et
3117 3061 3355 3126 tertius.
3452 3060 3628 3144 (Vid.
3671 3060 3987 3149 Porphyr.
4019 3060 4100 3125 de
4128 3059 4256 3125 Vit.
4288 3060 4522 3126 Plotini

2829 3189 2883 3229 c.
2905 3167 2982 3230 V.
3016 3179 3080 3230 et
3107 3165 3187 3230 cf.
3222 3189 3276 3229 c.
3310 3166 3618 3247 XXVI.)
3711 3167 3873 3229 Cum
3919 3180 4290 3252 argumento
4331 3165 4524 3253 hujus

2828 3265 2968 3332 libri
2999 3267 3143 3356 plus
3171 3267 3453 3333 minusve
3481 3269 3815 3356 conjuncta
3844 3283 4011 3349 sunt,
4040 3291 4185 3356 quae
4223 3268 4523 3357 leguntur

2828 3371 2889 3436 in
2936 3371 3263 3459 Porphyrii
3311 3374 3614 3436 Sententt.
3661 3396 3715 3437 c.
3754 3373 4000 3437 XXX.
4043 3388 4107 3437 et
4148 3373 4516 3438 XXXIX.

2828 3474 3103 3562 itemque
3145 3474 3315 3562 apud
3365 3473 3658 3540 Proclum
3704 3474 3768 3539 in
3816 3475 4128 3562 Theolog.
4164 3475 4404 3541 Platon.
4449 3500 4518 3564 p.

2832 3595 2935 3662 25.
2979 3578 3087 3662 36.
3137 3597 3280 3660 119.
3332 3577 3711 3642 218—222.
3759 3593 3823 3642 et
3867 3577 3931 3642 in
3982 3577 4259 3665 ejusdem
4314 3578 4522 3646 Instit.

2831 3678 3144 3767 Theolog.
3191 3683 3251 3764 ᾧ.
3286 3681 3498 3745 XXI.
3543 3704 3606 3768 p.
3640 3682 3938 3767 36—40.
3983 3679 4083 3745 ed.
4126 3695 4320 3746 nostr.
4412 3682 4519 3747 Cf.

2828 3783 3011 3848 etiam
3049 3782 3279 3848 Plotini
3310 3783 3537 3848 librum
3568 3784 3704 3865 περὶ
3741 3790 3858 3847 τῶν
3886 3790 4061 3866 τριῶν
4088 3786 4344 3868 ἀρχικῶν
4368 3788 4519 3850 ὕπο-

2830 3887 3104 3952 στόσεων
3136 3889 3243 3970 (V.
3285 3908 3336 3950 1.
3369 3885 3685 3974 praecipue
3712 3909 3772 3973 p.
3800 3890 3948 3967 484.
3984 3893 4153 3974 sqq.)
4223 3890 4521 3953 Ceterum

2830 4013 3134 4055 summam
3180 3990 3489 4079 capitibus
3530 3989 3723 4077 hujus
3764 3988 3905 4053 libri
3949 3989 4211 4077 singulis
4236 4014 4276 4055 a
4304 3992 4525 4057 Ficino

2827 4093 3207 4180 praemissam
3241 4109 3490 4159 secutus
3514 4108 3606 4158 est
3639 4092 4021 4167 Bruckerus,
4054 4093 4162 4158 ubi
4195 4096 4271 4159 de
4301 4093 4522 4159 Eclec-

2831 4194 3091 4260 ticorum
3143 4196 3484 4262 Dialectica
3531 4196 3685 4283 agit,
3735 4195 3799 4260 in
3854 4195 4025 4261 Hist.
4074 4196 4234 4261 Crit.
4283 4197 4523 4263 Philos.

2832 4298 3018 4364 Tom.
3055 4299 3150 4362 ΙΙ.
3196 4323 3261 4387 p.
3293 4320 3440 4386 393.
3488 4323 3625 4387 sqq.
3728 4297 4002 4387 Reliqua
4048 4300 4220 4388 quod
4270 4303 4519 4382 attinet,

2828 4400 3081 4466 consule
3129 4404 3590 4469 annotationem
3642 4419 3914 4468 nostram
3963 4403 4028 4468 in
4074 4403 4328 4470 titulum
4378 4405 4521 4471 libri

2826 4504 3014 4592 primi
3042 4504 3235 4592 hujus
3263 4507 3583 4571 Enneadis
3609 4506 3690 4571 ad
3721 4531 3783 4595 p.
3809 4507 3960 4592 566.

2912 4645 2998 4657 —
3029 4628 3091 4692 9.
3135 4606 3379 4688 Ἐπειδὴ
3408 4612 3542 4693 περὶ
3570 4616 3687 4675 τῶν
3715 4610 4062 4692 λεγομένων
4091 4639 4142 4675 κ.
4167 4637 4220 4674 τ.
4238 4615 4334 4698 λ.]
4388 4615 4518 4677 Re-

2827 4710 3185 4775 vocavimus
3228 4712 3386 4776 hanc
3429 4712 3752 4778 lectionem
3784 4735 3819 4775 e
3859 4713 4139 4801 margine
4168 4714 4345 4780 Edit.
4437 4718 4517 4780 In

2824 4814 3042 4879 ordine
3070 4830 3163 4878 est
3191 4813 3364 4879 Ἐπεὶ
3392 4814 3474 4880 δέ.

2916 4956 3000 4968 -
3028 4937 3127 4983 12.
3161 4917 3806 5005 Πλάτωνος-δόξαν.]
3858 4918 3961 4983 Cf.
3990 4919 4136 4984 infr.
4160 4920 4242 4986 ad
4271 4945 4337 5010 p.
4364 4924 4516 4987 602.

2826 5021 2974 5108 ibiq.
3009 5020 3290 5086 Platonis
3322 5021 3592 5109 Sophist.
3625 5046 3686 5109 p.
3717 5042 3752 5086 2
3755 5042 3794 5109 5
3798 5039 3859 5109 5.
3892 5046 3947 5088 e.
3978 5046 4112 5110 sqq.

2913 5148 2977 5212 p.
3006 5145 3190 5211 1094,
3222 5144 3283 5211 5.
3315 5124 3488 5190 Ἐπεὶ
3517 5128 3581 5189 δὲ
3611 5127 3724 5211 οὐχ
3753 5128 3821 5192 ἔν
3849 5135 4049 5210 φαμεν
4076 5126 4143 5192 τὸ
4170 5126 4242 5193 ὃν
4272 5157 4322 5193 κ.
4345 5155 4401 5193 τ.
4420 5129 4514 5214 λ.]

2830 5229 2975 5292 Hoc
3033 5228 3349 5293 decretum
3413 5227 3691 5293 Platonis
3748 5229 4111 5317 Plotinique
4174 5230 4522 5320 explicatur

2826 5357 2968 5398 cum
2999 5334 3167 5411 alibi,
3200 5351 3332 5400 tum
3365 5335 3679 5423 praecipue
3708 5335 3880 5400 libris
3913 5337 4028 5400 IV.
4062 5337 4138 5399 V.
4175 5335 4293 5399 VI.
4328 5334 4524 5423 hujus

2826 5453 3018 5503 sextae
3049 5437 3388 5519 EnneadiS,
3419 5439 3694 5526 itemque
3723 5439 3999 5527 ejusdem
4031 5438 4191 5504 libro
4219 5461 4387 5504 nono
4413 5463 4519 5505 eo-

2825 5541 3095 5629 demque
3123 5557 3436 5608 extremo:
3483 5545 3618 5626 περὶ
3644 5548 3751 5608 τοῦ
3778 5545 4004 5626 ἀγαθοῦ
4028 5538 4066 5623 ἢ
4095 5545 4200 5606 τοῦ
4228 5540 4379 5610 ἑνός.
