5118 6613
1396 545 1590 608 Lm.
1641 546 1693 608 1.
1743 547 2198 611 ENNEAD.
2247 548 2714 625 QUINTAE.
2758 572 2820 637 p.
2854 552 3212 638 903-906.

632 745 695 809 p.
724 739 871 805 903,
900 717 993 781 18.
1030 718 1306 799 Γίγνεται
1324 718 1431 781 οὖν
1452 720 1527 781 τα
1553 723 1754 799 πρῶτα
1782 722 1935 792 νοῦς,
1957 719 2246 799 ἑτερότης,

553 826 833 904 ταυτότης
862 843 1062 907 usque
1091 818 1169 883 ad
1216 820 1401 883 finem
1444 819 1689 907 capitis]
1740 819 1850 884 Ad
1889 820 2023 885 haec
2065 820 2242 884 adhi-

558 928 723 1004 beto,
754 948 899 1012 quae
941 923 1105 987 infra
1146 921 1426 1009 disputat
1465 941 1673 987 noster
1704 925 1776 986 V.
1811 946 1869 1008 9.
1898 924 1958 987 8.
2000 947 2064 1010 p.
2093 927 2243 1010 562.

554 1031 784 1094 A—D.
816 1044 878 1092 et
910 1029 1029 1092 VI.
1064 1046 1119 1091 2.
1157 1027 1214 1088 8.
1248 1050 1316 1115 p.
1344 1028 1491 1091 602.
1524 1051 1617 1114 sq.
1694 1029 1867 1091 Fons
1896 1042 2102 1091 autem
2138 1027 2248 1091 lio-

554 1156 693 1198 rum
723 1132 1001 1196 locorum
1031 1144 1123 1193 est
1149 1128 1212 1192 in
1256 1128 1537 1193 Platonis
1568 1130 1860 1217 Sophista
1888 1153 1955 1217 p.
1980 1149 2123 1215 255.
2159 1132 2242 1195 E.

552 1253 617 1301 et
645 1260 706 1324 p.
730 1236 875 1319 256.
949 1231 1300 1297 Plotiniana
1322 1232 1455 1297 baec
1472 1232 1679 1320 attigit
1707 1247 1772 1298 et
1798 1232 1878 1297 ad
1911 1232 2245 1298 Kantianae

552 1338 806 1404 rationis
833 1334 1133 1401 formulas
1177 1335 1418 1422 redegit
1458 1338 1946 1400 'l'ennemannus
1980 1336 2043 1400 in
2090 1335 2241 1400 His-

555 1458 670 1508 tor.
715 1438 950 1505 Philos.
988 1437 1128 1503 Vol.
1159 1440 1280 1503 VI.
1329 1463 1392 1525 p.
1425 1444 1528 1523 96.
1623 1440 1759 1504 Sub
1795 1441 1981 1505 finem
2028 1439 2245 1528 capitis

550 1570 629 1610 ex
658 1543 895 1632 optimo
927 1541 1085 1604 Cod.
1117 1542 1261 1606 Vat.
1294 1541 1437 1606 dedi
1470 1543 1685 1607 ταύτὸν
1724 1545 1808 1616 δὲ,
1844 1544 1972 1608 ἐπεὶ
2000 1544 2067 1608 ἓν
2103 1550 2245 1630 (pro

556 1652 648 1732 ἐν)
714 1650 917 1732 ἑαυτῷ.
1009 1644 1195 1724 Quod
1250 1644 1426 1708 unice
1474 1668 1693 1710 verum
1743 1668 1873 1709 esse
1929 1644 2246 1711 declarant

552 1750 886 1837 contigua:
938 1748 1032 1812 καὶ
1079 1749 1279 1812 κοινὸν
1308 1748 1374 1812 δέ
1410 1774 1468 1812 τι
1506 1750 1573 1813 ἓν
1600 1754 1768 1813 πᾶσι.
1859 1751 2002 1828 Quo
2038 1748 2244 1812 minus

553 1850 876 1940 probanda
905 1864 998 1914 est
1029 1871 1241 1913 eorum
1283 1850 1690 1930 consuetudo,
1719 1850 1851 1937 qui,
1887 1865 1959 1915 ut
2000 1853 2242 1916 Tenue-

552 1976 840 2034 manuuS,
880 1952 943 2016 in
988 1951 1193 2017 verbis
1236 1954 1603 2017 Graecorum
1648 1951 2064 2017 describendis
2107 1956 2237 2019 Ac-

552 2072 771 2122 centus
798 2055 1117 2119 omittunt.

639 2183 703 2247 p.
734 2179 882 2244 904,
921 2178 1019 2237 14.
1056 2154 1255 2221 Ὅταν
1301 2159 1366 2220 δὲ
1404 2159 1613 2239 ὁρισθῇ
1655 2158 1720 2238 (ἡ
1764 2157 1957 2239 δυάς),
2004 2158 2245 2239 ἀριθμὸς

550 2263 679 2343 ἤδη,
711 2260 952 2344 ἀριθμὸς
990 2262 1054 2324 δὲ
1095 2261 1171 2326 ὡς
1215 2260 1409 2324 οὐσία·
1466 2260 1707 2340 ἀριθμὸς
1735 2262 1801 2324 δὲ
1832 2262 1927 2324 καὶ
1955 2262 1991 2340 ἡ
2019 2260 2235 2346 ψυχή]

554 2369 761 2453 Supra
793 2388 849 2453 p.
871 2383 1020 2449 304.
1052 2365 1139 2427 A.
1191 2364 1419 2427 Noster
1455 2362 1535 2426 de
1566 2362 1799 2426 Anima
1843 2364 1930 2427 ita
1967 2386 2245 2452 pronun-

553 2470 665 2535 tiat
691 2520 706 2533 .
758 2468 852 2532 καὶ
879 2468 969 2546 δὴ,
1010 2469 1129 2531 εἴτε
1163 2465 1426 2548 ἀριθμὸς,
1461 2468 1580 2530 εἴτε
1620 2468 1804 2548 λόγος
1838 2467 1876 2546 ἡ
1919 2468 2094 2531 οὐσία
2138 2468 2243 2531 αὗ-

549 2578 669 2653 τῆς,
699 2578 821 2639 πῶς
848 2568 924 2634 ἂν
952 2569 1140 2637 πάθος
1168 2568 1408 2651 ἐγένετο
1441 2571 1507 2632 ἐν
1538 2571 1759 2655 ἀριθμῷ
1779 2567 1817 2649 ἢ
1837 2572 2002 2656 λόγῳ
2027 2593 2047 2647 3
2095 2569 2237 2634 Vid.

550 2700 697 2764 quoe
739 2674 820 2738 ad
863 2695 1006 2737 eum
1052 2671 1256 2736 locum
1298 2671 1749 2735 annotavimus.
1840 2673 2074 2736 Nostro
2110 2672 2245 2738 loco

552 2777 841 2845 Plotinus
883 2798 1026 2841 cum
1088 2776 1446 2839 Xenocrate
1505 2789 1567 2839 et
1630 2774 1989 2862 Pythagora
2042 2776 2245 2840 facere

551 2881 749 2945 videri
777 2894 989 2967 queat.
1036 2878 1171 2943 Cic.
1201 2877 1479 2942 Tusculi.
1522 2879 1573 2942 1.
1610 2895 1723 2941 10:
1774 2886 1817 2917 “
1854 2878 2243 2943 Xenocrates

550 2983 740 3050 animi
769 2984 1034 3070 figuram
1066 2996 1130 3045 et
1170 2980 1349 3066 quasi
1391 3003 1620 3067 corpus
1658 2980 1908 3067 negavit
1951 3004 2103 3058 esse,
2137 3005 2240 3045 ve-

552 3111 693 3153 rum
722 3108 1055 3151 numerum
1103 3083 1264 3148 dixit
1297 3107 1448 3163 esse,
1479 3084 1661 3170 cujus
1693 3083 1783 3147 vis
1824 3098 1895 3149 ut
1922 3084 2054 3171 jam
2099 3098 2245 3149 ante

552 3190 934 3280 Pythagorae
963 3188 1161 3252 visum
1193 3204 1346 3264 erat,
1378 3186 1439 3250 in
1471 3202 1694 3250 natura
1724 3185 1996 3252 maxima
2031 3190 2245 3251 esset.”

553 3293 688 3360 Ubi
716 3292 845 3357 vid.
877 3290 1092 3355 DaviS.
1130 3289 1476 3377 Gregorius
1515 3291 1577 3354 Ν
1580 3313 1842 3379 yssenus
1887 3291 1989 3354 De
2022 3291 2245 3355 Anima

557 3400 611 3463 Ι.
654 3422 720 3487 p.
757 3418 863 3483 90.
896 3397 990 3460 C:
1038 3398 1396 3477 Πυθαγόρας
1439 3396 1503 3459 δὲ
1554 3394 1687 3477 (τὴν
1729 3394 1937 3478 ψυχὴν
1983 3394 2237 3477 ἔφησεν)

552 3501 798 3586 ἀριθμὸν
829 3500 1038 3565 ἑαυτὸν
1069 3503 1358 3563 κινοῦντα.
1448 3496 1711 3561 Πλάτων
1752 3499 1817 3563 δὲ
1852 3498 2065 3561 οὐσίαν
2105 3523 2239 3579 νοη-

552 3605 677 3685 τὴν,
712 3607 773 3684 ἐξ
802 3606 979 3683 αὐτῆς
1018 3600 1363 3682 κινουμένην
1394 3603 1541 3664 κατὰ
1588 3600 1834 3682 ἀριθμὸν
1874 3601 2242 3681 ἐναρμόνιον.

554 3706 741 3772 Unde
784 3704 1176 3792 intelligitur,
1222 3702 1541 3791 quomodo
1586 3700 1872 3767 Platonis
1916 3718 2244 3767 sectatores

550 3831 882 3875 numerum
916 3807 1255 3872 attribuere
1293 3804 1612 3892 potuerint
1653 3804 1897 3869 animoe.
1978 3805 2132 3886 (Sed
2164 3805 2244 3870 de

552 3914 645 3978 his
702 3910 952 3978 consule
996 3909 1445 3998 Wyttenbach.
1494 3908 1575 3973 ad
1627 3908 1930 3972 Phaedon.
1991 3931 2055 3995 p.
2100 3910 2241 3974 228.

550 4041 687 4105 sqq.
725 4039 793 4104 p.
826 4016 971 4094 248.
1017 4017 1184 4101 sqq.)
1273 4013 1375 4077 De
1425 4011 1769 4076 reverentia
1812 4010 2240 4098 Pythagoreo-

549 4142 690 4186 rum
719 4141 869 4206 erga
895 4139 1189 4181 numeros
1217 4138 1559 4202 eorumque
1590 4113 1869 4179 doctrina
1896 4113 2079 4202 plura
2107 4112 2240 4178 lau-

551 4222 694 4289 davi
722 4223 803 4287 ad
832 4221 969 4285 hoec
1009 4218 1213 4284 Procli
1246 4218 1309 4282 in
1342 4217 1553 4282 Alcib.
1600 4240 1694 4306 pr.
1725 4241 1792 4303 p.
1822 4238 1984 4302 259:
2034 4219 2067 4280 6
2115 4223 2241 4281 Πυ-

549 4329 806 4411 θαγόρας
846 4330 965 4388 τῶν
1008 4325 1120 4403 μὲν
1163 4324 1354 4386 ὄντων
1400 4320 1638 4385 πάντων
1686 4322 2042 4404 σοφώτατον
2097 4320 2246 4385 εἶναι

551 4432 727 4514 ἔλεγε
784 4428 886 4493 τὸν
935 4426 1206 4510 ἀριθμὸν,
1255 4440 1318 4489 et
1368 4423 1450 4488 ad
1500 4425 1632 4488 haec
1687 4422 2118 4511 Olympiodori
2180 4422 2239 4486 in

550 4533 818 4599 eundem
864 4528 1180 4616 dialogum
1211 4550 1277 4616 p.
1306 4547 1406 4612 95.
1451 4526 1531 4590 de
1562 4525 2016 4614 Pythagoreis:
2069 4527 2239 4590 ἐθαύ-

551 4645 733 4717 μαζον
760 4633 895 4701 τοὺς
920 4633 1182 4714 πρώτους
1212 4633 1487 4712 εὑρόντας
1507 4630 1640 4697 τοὺς
1669 4629 1944 4711 ἀριθμοὺς
1963 4629 2246 4712 λέγοντες

555 4737 876 4822 ἐγνωκέναι
902 4738 1141 4802 τούτους
1168 4734 1276 4812 τὴν
1306 4733 1518 4797 οὐσίαν
1547 4737 1651 4796 τοῦ
1679 4737 1785 4797 νοῦ
1812 4760 1863 4797 κ.
1886 4758 1938 4795 τ.
1959 4740 2022 4796 λ.
2111 4733 2240 4796 De-

554 4842 741 4929 nique
783 4838 862 4904 ad
914 4836 1207 4903 Proclum
1253 4836 1317 4901 in
1364 4836 1570 4901 Instit.
1619 4837 1682 4900 T
1687 4833 1849 4899 heol.
1894 4836 2134 4921 §.113.
2176 4859 2239 4922 p.

558 4944 919 5026 164—166:
963 4945 1096 5008 Πᾶς
1113 4943 1146 5004 6
1170 4944 1326 5007 θεῖος
1347 4938 1589 5020 ἀριθμὸς
1614 4940 1830 5005 ἑνιαῖός
1848 4940 2032 5003 ἐστιν.
2058 4942 2112 5002 εἰ
2127 4943 2243 5021 γὰρ

553 5050 585 5111 6
603 5053 763 5114 θεῖος
784 5045 1024 5129 ἀριθμὸς
1042 5045 1236 5108 αἰτίαν
1255 5042 1383 5125 ἔχει
1402 5039 1870 5123 προηγουμένην,
1896 5040 1965 5103 τὸ
1987 5041 2073 5118 ἓν,
2105 5041 2181 5108 ὧς
2209 5044 2242 5105 6

555 5149 754 5232 νοερὸς
780 5147 887 5212 τὸν
912 5150 1072 5220 νοῦν,
1101 5145 1195 5209 καὶ
1224 5148 1257 5208 6
1279 5143 1537 5228 ψυχικὸς
1565 5144 1673 5223 τὴν
1698 5144 1929 5227 ψυχὴν,
1953 5144 2049 5207 καὶ
2078 5143 2244 5206 ἔστιν

554 5251 854 5333 ἀνάλογον
882 5250 951 5313 τὸ
980 5252 1206 5328 πλῆθος
1232 5250 1543 5330 πανταχοῦ
1569 5245 1714 5328 πρὸς
1743 5244 1852 5324 τὴν
1895 5248 2107 5320 αἰτίαν,
2141 5251 2239 5326 6⁷⁶1-

551 5363 661 5419 λον
682 5355 752 5436 δὴ
780 5355 874 5417 ὅτι
903 5354 999 5417 καὶ
1026 5354 1059 5415 6
1090 5356 1247 5418 θεῖος
1275 5349 1516 5433 ἀριθμὸς
1546 5350 1762 5415 ἑνιαῖός
1792 5351 1957 5412 ἐστιν
1981 5352 2144 5430 εἴπερ
2173 5348 2242 5412 τὸ

557 5457 619 5521 ἓν
647 5459 800 5524 θεός.
894 5457 1210 5520 Caeterum
1241 5452 1454 5517 confer
1497 5452 1701 5539 ipsum
1744 5452 2045 5515 Nostrum
2077 5450 2241 5515 infra

557 5581 614 5645 p.
638 5561 714 5641 67
733 5579 779 5622 1.
802 5580 936 5644 sqq.
969 5556 1076 5621 ubi
1108 5554 1293 5644 plura
1320 5552 1929 5640 dabimus.—-Pergit
1958 5551 2239 5618 Plotinus

3910 572 4028 642 275

2333 735 2545 785 nostro
2616 720 2752 785 loco
2781 747 2795 787 ε
2876 723 2945 786 οὐ
3005 728 3120 805 γὰρ
3179 726 3348 806 ὄγκοι
3419 728 3494 790 τὸ,
3552 730 4022 809 πρῶτα-ὕστερα.

2335 824 2403 886 Η
2408 846 2497 886 aec
2513 838 2578 887 et
2606 822 2827 888 similia.
2855 826 3072 889 Nostri
3105 827 3356 913 attingit
3385 844 3447 892 et
3477 829 3837 916 comprobat
3872 831 4025 893 Pro-

2331 924 2466 989 clus
2507 925 2571 988 in
2619 924 2909 990 Politiam
2945 925 3224 992 Platonis
3251 951 3316 1015 p.
3338 947 3463 1013 425
3489 954 3503 993 ε
3555 934 3608 994 εἰ
3635 933 3700 995 δὲ
3729 936 3897 995 πᾶσα
3927 934 4018 995 δύ-

2335 1054 2504 1108 ναμις
2547 1030 2893 1112 ἆχρῶματός
2932 1032 3062 1093 ἐστι
3101 1032 3197 1094 καὶ
3235 1031 3695 1114 ἀσχημάτιστος,
3728 1033 4026 1113 δυνάμεως

2332 1130 2448 1212 γάρ
2478 1139 2628 1212 φησι
2670 1130 2817 1211 μήτε
2856 1136 3059 1215 σχῆμα
3098 1132 3243 1213 μήτε
3271 1140 3479 1216 χρῶμα
3513 1138 3679 1219 apa»,
3712 1140 3895 1216 δῆλον
3936 1139 4026 1200 ὅτι

2328 1238 2496 1297 πᾶσα
2536 1236 2775 1313 δύναμις
2822 1235 3132 1314 ἆσῶματός
3173 1238 3301 1300 ἐστι
3349 1236 3468 1300 κατ’
3501 1240 3696 1303 αὐτόν.
3743 1244 3863 1304 πᾶν
3908 1243 4025 1322 γὰρ

2330 1343 2499 1418 σῶμα
2528 1336 2983 1418 πεπερασμένον
3021 1337 3324 1421 σχήματος
3359 1339 3598 1423 μετέχει
3639 1344 3878 1409 παντός·
3929 1345 4024 1405 καὶ

2330 1441 2426 1502 διὰ
2452 1444 2623 1503 τοῦτο
2654 1441 2871 1519 ἀληθὲς
2901 1439 2996 1502 καὶ
3038 1441 3184 1521 ὅπερ
3231 1443 3264 1504 6
3306 1444 3617 1509 Πλωτῖνός
3658 1452 3808 1526 φησι
3844 1445 3912 1506 τὸ
3958 1446 4024 1506 ἐν

2327 1541 2613 1622 μεγάλοις
2640 1543 2913 1620 σώμασιν
2944 1540 3096 1605 εἶναι
3125 1541 3397 1623 δυνάμεις
3425 1544 3495 1607 οὗ
3522 1544 3808 1627 μεγάλας,
3833 1546 3926 1609 καὶ
3958 1548 4024 1608 ἐν

2331 1650 2596 1725 σμικροῖς
2638 1645 2707 1708 οὐ
2753 1647 3016 1726 σμικρὰς,
3063 1651 3181 1708 τῶν
3224 1647 3421 1727 ὄγκων
3465 1647 3536 1710 οὗ
3582 1648 4024 1729 προστιθέντων

2328 1752 2454 1812 ταῖς
2483 1745 2825 1826 δυνάμεσιν,
2855 1744 2892 1825 ἢ
2924 1750 3329 1812 ἐλαττούντων
3361 1748 3556 1816 αὐτάς.

2418 1871 2481 1935 p.
2517 1849 2665 1932 906,
2707 1869 2759 1911 1.
2798 1847 2955 1914 Ὧδε
2999 1850 3105 1914 οὖν
3148 1850 3425 1933 λεγέσθω
3472 1880 3524 1916 κ.
3547 1878 3597 1915 τ.
3622 1853 3719 1941 λ.]
3786 1853 4024 1939 Attigit

2328 1944 2463 2011 haec
2493 1945 2852 2012 Bruckerus
2880 1948 2940 2012 iu
2976 1950 3145 2014 Hist.
3183 1950 3342 2015 Crit.
3378 1950 3614 2016 Philos.
3650 1954 3747 2017 11.
3782 1977 3841 2041 p.
3870 1976 4020 2041 399.

2325 2050 2596 2115 addens:
2649 2061 2692 2090 “
2726 2052 2992 2116 Videtur
3019 2071 3081 2117 et
3110 2053 3228 2118 hoc
3256 2053 3559 2141 accepisse
3585 2056 3667 2120 ab
3686 2060 4025 2123 Ammonio

2330 2152 2614 2218 Plotinus
2655 2178 2730 2218 ex
2776 2154 3100 2244 disciplina
3146 2158 3664 2237 Christianorum,
3697 2159 3806 2246 qui
3852 2184 4022 2225 reve-

2329 2271 2534 2320 renter
2564 2272 2628 2320 et
2658 2258 2928 2322 maxima
2954 2282 3096 2323 cum
3137 2259 3469 2326 devotione
3508 2260 3590 2326 de
3622 2265 4021 2349 generatione

2327 2361 2515 2442 λόγου
2557 2374 2621 2424 et
2681 2359 2817 2447 ipso
2875 2362 3165 2427 trinitatis
3209 2363 3502 2451 mysterio
3556 2364 3719 2429 inter
3770 2390 4023 2431 arcanas

2328 2463 2642 2528 doctrinas
2671 2462 3145 2551 loquebantur.''
3233 2466 3428 2545 Quasi
3457 2490 3605 2532 vero
3635 2491 3758 2533 non
3803 2471 4022 2535 similia

2330 2566 2529 2631 multa
2549 2566 2905 2655 legerentur
2925 2568 2987 2632 in
3007 2568 3203 2656 ipsius
3222 2569 3501 2634 Platonis
3518 2570 3800 2659 dialogis.
3858 2575 4019 2638 Mox

2328 2668 2637 2734 formula:
2687 2671 2826 2735 θεὸν
2878 2672 3057 2736 αὐτὸν
3116 2673 3644 2753 ἐπικαλεσαμένοις
3704 2674 4020 2741 Platonica

2329 2788 2458 2836 est:
2507 2772 2589 2836 de
2622 2775 2814 2860 Legg.
2850 2775 2943 2838 X.
2976 2798 3039 2861 p.
3066 2774 3211 2860 893.
3246 2778 3324 2841 A.
3353 2777 3429 2840 Β.
3463 2774 3618 2859 Ἀγε
3647 2779 3735 2857 δὴ,
3768 2779 3908 2843 θεὸν
3939 2784 4019 2845 εἴ·
4130 2796 4134 2801 “

2327 2901 2475 2939 ποτε
2500 2876 2913 2959 παρακλητέον
2940 2879 3079 2958 ἡμῖν
3109 2906 3158 2942 κ.
3179 2904 3234 2942 τ.
3253 2887 3316 2943 λ.
3337 2901 3529 2966 quam
3554 2880 3860 2946 Platonici
3888 2882 4020 2947 alii-

2328 3001 2452 3064 que
2482 2979 2809 3066 scriptores
2836 2980 3118 3044 certatim
3148 2996 3294 3046 sunt
3321 2981 3569 3046 imitati.

2416 3120 2504 3133 -
2536 3100 2595 3146 2.
2641 3083 2709 3146 οὗ
2738 3084 2904 3168 λόγῳ
2928 3085 3269 3174 γεγωνότι,]
3305 3087 3408 3149 Ita
3438 3109 3472 3149 e
3499 3084 3764 3152 lectione
3796 3091 4020 3176 margi-

2332 3184 2427 3247 nis
2456 3191 2776 3267 γεγωνῶτα
2803 3185 3266 3251 rescribendum
3298 3187 3598 3252 duximus
3626 3212 3742 3276 pro
3759 3198 4023 3274 γεγωνῶ,

2331 3289 2503 3375 quod
2547 3287 2739 3353 editio
2796 3288 3001 3354 habet.
3094 3291 3196 3355 De
3252 3290 3444 3378 hujus
3496 3292 3667 3358 verbi
3710 3310 3921 3383 etymo
3964 3313 4027 3361 et

2330 3406 2636 3478 potestate
2667 3416 2786 3456 non
2820 3409 2909 3457 est
2940 3394 3112 3479 quod
3143 3417 3402 3479 agamus
3430 3412 3572 3483 post
3605 3395 4024 3463 Valckenaerii

2328 3494 2772 3582 explicationes
2810 3495 2888 3558 ad
2933 3495 3228 3583 Euripid.
3264 3496 3603 3585 Hippolyt.
3632 3499 3785 3583 586.
3817 3501 4025 3565 Coraii

2328 3598 2407 3662 ad
2443 3597 2764 3663 Plutarchi
2799 3596 3066 3662 Flamin.
3098 3623 3164 3688 p.
3192 3601 3341 3684 465.
3376 3598 3485 3681 (ad
3515 3623 3701 3688 quem
3734 3602 3817 3665 cf.
3837 3604 4020 3668 etiam

2331 3701 2564 3766 Baehrii
2612 3701 2798 3765 nostri
2845 3716 3054 3765 annot.
3085 3725 3151 3790 p.
3180 3703 3355 3785 186.)
3386 3700 3673 3766 aliorum.
3764 3705 3900 3768 Nos
3927 3721 4018 3769 at-

2331 3805 2646 3891 tingamus
2670 3804 2837 3868 locos
2864 3804 3103 3890 aliquot
3131 3827 3171 3867 a
3209 3803 3473 3869 librariis
3501 3819 3791 3871 vexatos:
3842 3807 4021 3873 Alci·

2329 3910 2550 3997 phron.
2601 3909 2804 3993 Epist.
2854 3910 2992 3973 111.
3038 3910 3145 3989 48.
3191 3931 3252 3995 p.
3291 3926 3430 3995 151.
3473 3910 3821 3997 Wagner.:
3870 3918 4022 4000 τορῷ

2328 4040 2443 4078 τινι
2488 4015 2585 4078 καὶ
2636 4012 3015 4098 γεγωνοτέρῳ
3075 4012 3384 4096 φωνήματι
3433 4013 3826 4096 χρησάμενος.
3921 4018 4024 4081 Ita

2330 4116 2558 4205 saepius
2577 4118 2941 4204 junguntur
2969 4116 3147 4198 τορὸν
3174 4130 3239 4181 et
3274 4115 3617 4204 proesertim
3663 4119 3935 4200 διατόρου
3964 4137 4027 4183 et

2331 4222 2612 4303 γεγωνὸς,
2659 4220 2920 4285 docente
2975 4220 3300 4308 Wyttenb.
3347 4220 3429 4285 ad
3476 4222 3726 4308 Eunap.
3773 4243 3838 4308 p.
3878 4225 4019 4287 262.

2336 4322 2515 4387 Idem
2562 4337 2656 4387 est
2697 4326 2933 4405 τρανόν.
3011 4323 3154 4387 Vid.
3187 4327 3431 4389 Annot.
3478 4340 3667 4389 nostr.
3714 4325 3778 4389 in
3828 4326 4024 4391 Procli

2335 4426 2484 4489 lnst.
2532 4425 2759 4489 Theol.
2813 4428 2873 4508 ξ.
2916 4444 3057 4509 145.
3102 4449 3167 4512 p.
3204 4428 3346 4490 216.
3439 4430 3657 4514 Atque
3715 4427 3831 4492 hac
3876 4451 4027 4493 voce

2330 4551 2481 4591 usus
2520 4543 2614 4591 est
2665 4526 3049 4592 Iamblichus
3087 4526 3167 4591 de
3200 4527 3323 4591 Vit.
3361 4527 3633 4616 Pythag.
3673 4532 3733 4615 ξ.
3780 4550 3916 4616 134.
3961 4553 4024 4616 p.

2337 4650 2477 4714 113.
2513 4631 2704 4694 Kust.
2733 4652 2795 4717 p.
2829 4630 2973 4695 282.
3010 4629 3272 4693 Kiessl.:
3325 4631 3419 4694 καὶ
3458 4633 3491 4694 6
3534 4632 3799 4712 ποταμὸς
3833 4658 4022 4715 γεγω-

2332 4735 2438 4797 νόν
2466 4758 2522 4796 τι
2553 4734 2650 4796 καὶ
2677 4732 2896 4814 τρανὸν
2926 4733 3363 4815 ἀπεφθέγξατο.
3426 4733 3530 4796 Ita
3558 4734 3655 4798 ed.
3687 4737 3932 4800 Arcerii
3964 4753 4026 4800 et

2330 4849 2535 4907 recte;
2585 4833 2689 4897 sed
2723 4833 2863 4898 libri
2895 4833 3103 4923 scripti
3141 4834 3259 4898 mei
3302 4833 3585 4921 plerique
3612 4838 3828 4918 γωνόν,
3861 4839 4020 4903 cod.

2330 4952 2534 5002 tamen
2584 4939 2840 5002 Monac.
2900 4960 2961 5001 n.
3003 4955 3149 5024 392.
3199 4936 3260 5000 in
3316 4960 3510 5025 marg.
3563 4942 3850 5021 γεγωνόν.
3949 4943 4024 5006 Iu

2330 5038 2713 5104 Philostrato
2738 5039 2819 5103 de
2852 5039 2996 5104 Vita
3026 5038 3340 5126 Apollonii
3370 5040 3447 5104 V.
3481 5060 3544 5124 9.
3575 5063 3636 5127 p.
3675 5059 3813 5126 195.
3844 5041 4028 5107 hodie

2328 5141 2625 5229 legimus:
2677 5143 2807 5207 ἐπεὶ
2846 5145 2910 5207 δὲ
2957 5140 3167 5227 ἑξᾴρας
3216 5144 3361 5224 (scr.
3410 5143 3646 5229 ἐξάρας)
3687 5143 3795 5222 τὴν
3824 5146 4030 5226 φωνὴν

2331 5246 2427 5309 καὶ
2457 5247 2721 5329 κεχανὸς
2750 5246 3105 5329 ἐφθέγξατο,
3130 5245 3424 5309 nimirum
3445 5269 3521 5310 ex
3544 5244 3771 5311 infelici
3797 5246 4025 5312 Olearii

2328 5347 2686 5435 conjectura
2713 5371 2831 5436 pro
2873 5349 3154 5432 γεγονώς.
3246 5348 3538 5413 Debebat
3581 5348 3792 5436 potius
3834 5375 4028 5432 γεγω-

2333 5452 2446 5519 νὸς
2487 5450 2588 5514 vel
2633 5454 2897 5534 γεγωνός
2945 5451 3096 5533 (vid.
3155 5451 3459 5539 Heringae
3506 5451 3689 5516 Obss.
3736 5474 3802 5538 p.
3832 5454 3934 5534 64.
3967 5471 4030 5520 et

2328 5552 2608 5617 Boisson.
2640 5552 2721 5617 ad
2755 5553 3115 5618 Philostrati
3147 5554 3421 5619 Heroica
3447 5577 3511 5642 p.
3542 5556 3723 5639 378.)
3815 5556 4028 5644 Atque

2452 5670 2512 5722 N
2554 5670 2608 5721 n
2638 5651 2689 5722 2
