5118 6613
1140 538 1263 620 184

1138 711 1509 775 universam.
1602 709 1921 775 Infinitam
1963 732 2112 774 vero
2149 710 2400 791 idcirco,
2427 711 2597 798 quod
2647 711 2703 776 ei
2750 712 2841 776 sit’

1135 815 1548 878 interminata
1590 814 1984 903 magnitudo.
2077 815 2241 879 Nam
2283 814 2456 902 quod
2514 814 2825 879 infinitum

1133 929 1250 994 est,
1281 917 1699 982 indistinctam
1729 917 2176 1004 magnitudinis
2203 918 2392 982 habet
2422 919 2610 983 finem
2635 933 2827 1005 atque

1136 1020 1294 1085 adeo
1336 1043 1476 1085 cum
1511 1020 1768 1085 viduata
1798 1020 1876 1085 sit
1903 1021 2048 1099 fine,
2080 1020 2397 1085 infinibilis
2435 1038 2600 1086 recte
2631 1020 2823 1085 videri

1137 1139 1359 1211 potest.
1423 1125 1555 1189 Sed
1580 1146 1776 1211 neque
1792 1146 2152 1212 corpoream
2175 1146 2367 1213 neque
2395 1127 2824 1211 incorpoream

1133 1248 1264 1291 esse
1308 1228 1600 1291 concedit.
1693 1226 1848 1291 Ideo
1897 1244 2105 1290 autem
2167 1249 2287 1290 non
2341 1242 2525 1315 putat
2569 1250 2822 1314 corpus,

1135 1329 1307 1416 quod
1337 1353 1520 1393 omne
1540 1353 1768 1417 corpus
1786 1332 1987 1418 specie
2007 1328 2429 1417 qualicunque
2446 1352 2570 1394 non
2595 1343 2820 1394 careat.

1136 1433 1282 1498 Sine
1309 1455 1564 1519 corpore
1587 1456 1734 1496 vero
1755 1457 1906 1510 esse,
1931 1455 2052 1497 non
2076 1446 2280 1520 potest
2308 1433 2534 1510 dicere,
2561 1432 2711 1520 quia
2734 1432 2823 1497 ni-

1133 1534 1220 1600 hil
1270 1534 1652 1622 incorporale
1695 1558 1921 1622 corpus
1963 1535 2296 1601 exhibeat:
2343 1535 2452 1600 sed
2498 1536 2559 1599 vi
2610 1552 2672 1600 et
2722 1559 2819 1600 ra·-

1131 1639 1296 1703 tione
1335 1637 1450 1702 sibi
1493 1661 1625 1703 eam
1658 1637 1852 1703 videri
1881 1662 2263 1726 corpoream,
2289 1655 2480 1726 atque
2523 1638 2665 1703 ideo
2710 1662 2822 1703 nec

1127 1757 1272 1807 actu
1305 1740 1531 1818 solum,
1563 1764 1764 1827 neque
1792 1753 1998 1806 tamen
2027 1742 2157 1806 sola
2185 1742 2475 1830 opinione
2498 1742 2820 1829 cogitatio-

1131 1845 1228 1909 nis
1269 1843 1551 1931 intelligi.
1641 1845 1933 1932 Namque
1983 1868 2263 1932 corpora,
2310 1861 2568 1934 propter
2625 1844 2819 1930 insig-

1135 1970 1278 2012 nem
1309 1946 1681 2011 evidentiam
1715 1947 1835 2025 sui,
1859 1947 2038 2011 simili
2070 1947 2298 2013 indicio
2325 1948 2628 2036 cognosci.
2697 1948 2821 2013 Sed

1131 2075 1276 2138 quae
1319 2050 1725 2115 substantiam
1756 2073 1878 2115 non
1912 2050 2143 2115 habent
2172 2074 2552 2139 corpoream,
2584 2051 2819 2137 cogita·-

1131 2153 1405 2219 tionibus
1432 2177 1506 2217 ea
1535 2153 1751 2230 videri,
1785 2153 1954 2218 unde
1988 2154 2338 2219 adulterata
2365 2154 2655 2243 opinione
2682 2177 2819 2217 am-

1126 2260 1391 2348 biguam
1417 2259 1699 2322 materiae
1724 2257 1915 2344 hujus
1941 2259 2218 2346 intelligi
2239 2259 2604 2347 qualitatem
2623 2256 2680 2322 :³⁹
2713 2256 2820 2320 ubi

1127 2360 1378 2425 consule
1437 2359 1882 2425 Elmenhorstii
1940 2374 2176 2425 annott.
2294 2360 2485 2430 Quod
2544 2359 2817 2423 materiae

1129 2464 1422 2529 terminos
1449 2463 1712 2527 attinet:
1762 2462 2088 2541 Platonici,
2120 2462 2298 2527 sicuti
2339 2462 2690 2538 didicimus,
2723 2460 2815 2524 in-

1127 2567 1362 2631 finitam
1395 2590 1524 2630 esse
1553 2566 1870 2630 materiam
1901 2565 2394 2629 contendebant:
2446 2564 2633 2628 Stoici
2671 2587 2817 2628 con-

1130 2685 1228 2733 tra
1283 2671 1495 2734 οὗσίαν
1551 2668 2030 2750 πεπειρασμένην
2090 2669 2315 2754 (Diog.
2378 2669 2595 2732 Laert.
2657 2668 2817 2730 Vll.

1136 2774 1336 2857 150.).
1426 2773 1629 2850 Quam
1687 2770 2104 2835 diversitatem
2165 2770 2483 2857 quomodo
2540 2770 2702 2834 inter
2759 2792 2822 2832 se

1133 2872 1457 2937 conciliare
1515 2873 1825 2937 studuerit
1885 2874 2111 2938 ,Iustus
2164 2872 2441 2959 Lipsius,
2501 2872 2672 2959 apud
2731 2871 2824 2958 ip-

1132 2998 1269 3039 sum
1302 2975 1530 3053 videat,
1561 2976 1670 3061 qui
1700 2973 1887 3053 volet,
1920 2975 1984 3038 in
2034 2974 2436 3062 Physiologia
2469 2974 2816 3039 Stoicorum

1130 3077 1240 3142 lib.
1275 3078 1375 3141 11.
1406 3101 1457 3141 c.
1495 3095 1554 3141 2.
1607 3079 1862 3164 (Operr.
1907 3078 1994 3141 T.
2031 3077 2144 3141 IV.
2184 3099 2247 3164 p.
2284 3079 2466 3162 569.)
2499 3100 2703 3164 neque
2734 3076 2819 3140 le-

1130 3202 1279 3266 gere
1306 3202 1682 3267 quemquam
1716 3179 2063 3266 poenitebit,
2083 3203 2227 3266 quae
2259 3182 2416 3244 hanc
2444 3180 2508 3243 in
2533 3201 2662 3243 rem
2694 3179 2816 3244 col-

1129 3283 1280 3373 legit
1309 3286 1591 3373 Baguet.
1621 3283 1700 3348 de
1730 3282 2090 3371 Chrysippo
2119 3305 2181 3371 p.
2211 3302 2353 3369 155.
2385 3305 2476 3369 sq.
2523 3283 2817 3369 Figurae

1129 3404 1340 3453 autem
1367 3411 1526 3474 quas
1554 3386 1901 3475 Appuleius
1929 3386 2081 3450 dicit
2123 3385 2163 3451 l.
2186 3385 2224 3449 l.
2257 3409 2387 3451 esse
2415 3390 2490 3451 τὰ
2519 3390 2661 3465 εἴδη,
2695 3408 2815 3449 non

1130 3508 1245 3570 est,
1277 3490 1448 3579 quod
1478 3514 1734 3577 operose
1761 3505 2271 3554 commonstrem:
2319 3488 2474 3554 illud
2516 3489 2632 3553 hac
2675 3487 2821 3552 data

1131 3594 1447 3661 occasione
1468 3593 1698 3658 addere
1723 3592 1924 3671 liceat,
1954 3616 1992 3657 a
2012 3590 2397 3681 pbilosophis
2416 3591 2655 3679 aliquot
2678 3591 2822 3655 hinc

1133 3700 1501 3787 explicatam
1551 3722 1681 3762 esse
1738 3696 1905 3761 illam
1966 3695 2182 3761 Protei
2238 3694 2426 3760 filiam
2490 3693 2818 3760 Idotheam

1136 3804 1395 3892 (Odyss.
1437 3808 1491 3867 ὃ.
1516 3805 1667 3887 365.
1702 3804 1831 3887 sq.)
1866 3799 2176 3873 ΕΖδοθέαν,
2209 3814 2505 3884 tanquam
2537 3797 2646 3876 τὴν
2671 3799 2820 3878 ὕλην

1138 3909 1221 3972 εἰς
1271 3906 1423 3972 εἶδος
1473 3904 1771 3968 θέουσανε
1818 3903 2172 3965 Materiam
2218 3903 2290 3964 in
2314 3902 2582 3986 firma-s
2628 3920 2817 3962 ruen-

1134 4018 1276 4071 tem.
1324 4006 1472 4071 Vid.
1506 4004 1799 4069 Eustath.
1833 4003 1915 4066 ad
1946 4001 2050 4067 l.l.

1222 4132 1284 4196 p.
1333 4110 1484 4192 584,
1516 4127 1580 4193 5.
1651 4108 1746 4170 καὶ
1811 4109 1919 4170 εἴτι
1976 4108 2201 4187 μίμημα
2275 4107 2489 4191 αὐτῶν]
2564 4105 2623 4168 T
2622 4103 2819 4191 aylor,

1137 4228 1483 4275 commotus
1540 4208 1738 4273 Ficini
1799 4209 2338 4296 interpretatione:
2393 4211 2654 4282 entium,
2698 4206 2821 4293 legi

1128 4313 1315 4401 jubet
1359 4315 1567 4376 ὄντων.
1658 4310 1839 4375 Libri
1883 4311 2073 4375 nostri
2112 4311 2264 4376 nihil
2295 4336 2333 4376 a
2362 4309 2820 4397 vulgatacrece-

1138 4418 1320 4481 dun&

1225 4543 1291 4607 p.
1311 4520 1463 4603 585,
1496 4537 1558 4600 7.
1608 4518 1700 4582 καὶ
1729 4518 1765 4598 ἡ
1794 4520 2032 4598 ποιότης
2059 4520 2097 4598 ἡ
2127 4520 2379 4582 ἐνταῦθα
2404 4519 2441 4596 ἡ
2473 4519 2536 4596 ἐξ
2565 4516 2636 4579 οὗ
2663 4515 2826 4577 ποιό-

1137 4649 1307 4702 τητος
1362 4623 1510 4705 ἔσχε
1567 4621 1673 4700 τὴν
1732 4622 2099 4711 ἐπωνυμίαν]
2159 4618 2689 4707 Wyttenbacbius
2740 4615 2822 4681 ad

1141 4724 1418 4789 Platonis
1450 4723 1828 4787 Phaedonem
1864 4748 1926 4811 p.
1963 4740 2107 4807 271.
2138 4746 2228 4809 sq.
2258 4747 2273 4786 :
2323 4731 2367 4761 ‘⁶
2399 4724 2505 4786 Ex
2556 4721 2671 4785 hac
2714 4742 2823 4784 au-

1140 4842 1266 4891 tem
1295 4824 1727 4890 communione
1755 4825 1912 4889 ideae
1950 4825 2137 4890 rebus
2174 4823 2564 4889 sensibilibus
2591 4840 2655 4887 et
2697 4821 2819 4885 sin-

1135 4930 1458 5019 gularibus
1515 4928 1683 4993 venit
1733 4951 2074 5016 cognomen
2121 4927 2307 5006 illius,
2357 4929 2694 5006 ἐπωνυμίαι
2742 4925 2822 4989 de

1138 5058 1265 5122 qua
1294 5034 1356 5097 in
1390 5031 1710 5097 Phoedone
1748 5031 1843 5096 bis
1885 5030 2053 5108 alibi,
2081 5055 2143 5119 p.
2175 5050 2282 5116 59.
2314 5047 2377 5095 et
2407 5048 2508 5114 75.
2542 5045 2606 5093 et
2637 5029 2822 5092 Pbae-

1139 5137 1255 5200 dro
1273 5157 1337 5222 p.
1356 5153 1503 5220 341.
1530 5135 1610 5197 B.
1632 5135 1854 5199 τούτων
1874 5140 1992 5198 τῶν
2015 5136 2183 5198 ἰδεῶν
2214 5132 2501 5214 ἐκπρεπὴς
2520 5134 2557 5212 ἡ
2576 5131 2651 5196 ἂν
2672 5133 2819 5215 τύχῃ

1139 5237 1430 5323 γενομένη
1480 5236 1588 5314 τὴν
1635 5239 1809 5315 αὐτῆς
1859 5237 2191 5316 ἐπωνυμίαν
2236 5236 2670 5315 ὀνομαζόμενον
2714 5234 2822 5298 τὸν

1138 5344 1357 5426 ἔχοντα
1370 5339 1712 5422 παρέχεται,
1743 5338 1891 5403 ibid.
1926 5361 1989 5425 p.
2008 5340 2156 5424 346.
2180 5340 2264 5403 E.
2280 5340 2431 5424 358.
2456 5341 2537 5402 A.
2568 5337 2819 5403 Theaet.

1145 5462 1287 5528 132.
1340 5444 1461 5507 E.''
1536 5443 1710 5506 Tum
1767 5441 2062 5507 laudatur
2120 5442 2219 5507 hic
2271 5442 2400 5529 ipse
2453 5439 2628 5505 locus
2678 5441 2824 5505 Plo-

1140 5561 1275 5611 tini.

2103 538 2928 604 ANNOTATIONES
2993 540 3104 604 IN
3170 541 3615 606 PLOTINI

2998 749 3083 762 —
3118 733 3141 775 1
3157 732 3215 796 7.
3254 711 3415 794 ’Τλη
3458 714 3573 797 γάρ
3618 718 3748 780 ἐστι
3796 715 3891 777 καὶ
3927 718 4099 778 τοῦτο
4140 715 4234 778 καὶ
4277 714 4349 777 οὖ
4392 715 4594 777 τούτου

2913 817 2993 898 τι]
3049 817 3154 879 Ita
3182 816 3283 880 ed.
3378 816 3502 881 Sed
3549 817 3674 882 Fic.
3707 816 3858 903 legit
3885 819 4000 898 ὕλη
4036 816 4151 899 γάρ
4181 819 4311 880 ἐστι
4341 817 4438 880 καὶ
4465 818 4593 880 τού-

2913 944 3016 982 του
3075 920 3168 982 καὶ
3226 920 3296 983 οὐ
3353 923 3528 984 τουτί.
3650 919 3890 984 Eadem
3954 919 4195 1008 Taylor
4251 917 4591 1006 expressit:

2914 1028 2961 1059 “
2998 1021 3265 1099 Matter,
3317 1022 3619 1102 however,
3663 1023 3858 1111 being
3894 1023 4222 1110 compelled
4264 1031 4326 1086 to
4371 1042 4597 1085 concur

2913 1124 3058 1187 with
3085 1123 3209 1188 this
3231 1125 3593 1200 attractio-n,
3622 1135 3692 1189 at
3718 1146 3866 1189 once
3892 1127 4162 1212 impar-ts
4179 1125 4371 1209 itself
4380 1123 4596 1210 wholly

2910 1227 3043 1290 and
3087 1249 3276 1314 every
3329 1228 3569 1301 where,-
3589 1230 3723 1314 fin·
3763 1229 3816 1291 it
3858 1230 3917 1291 is
3967 1228 4066 1292 the
4109 1237 4338 1293 matter
4381 1227 4471 1311 of
4501 1226 4597 1290 the

2908 1331 3224 1408 universe,
3255 1330 3389 1393 and
3410 1339 3520 1395 not
3546 1352 3712 1394 some
3729 1331 4094 1417 particular
4120 1330 4408 1395 matter.”
4455 1330 4596 1415 Ego

2907 1432 3115 1497 locum
3145 1455 3222 1495 ex
3253 1431 3428 1496 libris
3458 1433 3685 1497 nostris
3712 1433 3971 1497 correxi.

3034 1558 3098 1623 p.
3160 1536 3309 1618 586,
3373 1536 3432 1600 8.
3507 1537 3576 1600 οὗ
3637 1539 3881 1601 δύναται
3941 1535 4010 1598 τὸ
4083 1537 4239 1600 ἄλλο
4327 1539 4595 1618 χωρῆσαι

2906 1637 3092 1726 μέγα]
3139 1638 3194 1700 F
3198 1637 3253 1701 ic
3298 1638 3600 1725 expressit
3639 1638 4062 1721 οὗ-χωρῆο-αι
4099 1642 4270 1701 τοῦτο
4307 1638 4374 1701 τὸ
4414 1637 4588 1720 μέγα.

2911 1740 3151 1828 Taylor
3178 1741 3361 1806 etiam
3388 1766 3403 1805 :
3451 1748 3492 1780 “
3516 1741 3921 1828 nothing-else
3953 1738 4218 1825 [besides
4246 1740 4505 1828 matter]
4535 1741 4593 1803 2⁶3

2907 1844 3042 1907 able
3086 1852 3146 1908 to
3191 1847 3426 1908 receive
3478 1844 3603 1908 this
3650 1844 4089 1931 magnitude?
4179 1841 4361 1906 Libri
4404 1841 4593 1906 nostri

2913 1944 3066 2010 nihil
3123 1946 3382 2011 variant.
3491 1945 3764 2032 Vulgata
3819 1946 4119 2010 vertenda
4174 1959 4267 2009 est
4287 1951 4436 2008 :—“
4468 1967 4589 2009 non

2900 2059 3104 2135 potest
3132 2050 3439 2136 reliquum
3469 2071 3778 2138 magnum
3805 2050 4086 2137 capere.”

2991 2188 3080 2203 —
3116 2171 3216 2237 15.
3240 2151 3547 2233 προσ-ἦλθέ
3574 2153 3670 2241 τε]
3719 2154 3778 2216 Ε
3799 2152 4104 2217 bonorum
4136 2151 4437 2216 librorum
4463 2174 4592 2215 ves-

2908 2253 3073 2340 tigiis
3113 2254 3407 2318 restitue:
3468 2260 3774 2336 προσῆλθε
3821 2256 3963 2319 θέον
4004 2282 4090 2330 τε,
4143 2269 4208 2319 et
4251 2254 4336 2318 ita
4383 2253 4592 2340 legisse

2901 2357 3151 2422 videtur
3196 2358 3491 2430 Ficinus;
3538 2381 3649 2444 qui
3694 2358 3754 2422 in
3791 2357 4045 2446 apodosi
4079 2361 4175 2423 καὶ
4215 2381 4338 2422 non
4380 2357 4591 2445 legisse

2904 2464 3174 2540 videtur,
3205 2462 3376 2549 quod
3408 2486 3551 2527 sane
3579 2463 4099 2528 constructionem
4132 2462 4364 2527 turbat.

2991 2591 3055 2654 p.
3086 2570 3234 2652 588,
3265 2591 3329 2649 4.
3395 2568 3564 2631 Ζῶου
3606 2570 3723 2650 γὰρ
3765 2568 4069 2648 ὕλη-τὸν
4123 2566 4369 2654 λόγον.]
4419 2567 4588 2652 Tay-

2906 2671 3036 2736 lor:
3088 2680 3130 2710 “
3164 2672 3300 2735 For
3327 2671 3427 2735 the
3469 2679 3695 2735 matter
3737 2673 3826 2755 of
3846 2670 3944 2733 the
3986 2670 4232 2732 animal
4270 2679 4499 2732 nature
4539 2670 4593 2732 is

2906 2776 3283 2840 distributed
3323 2776 3395 2836 in
3438 2775 3833 2860 conjunctim:
3872 2773 4020 2836 with
4068 2773 4168 2836 the
4206 2773 4482 2835 division
4526 2772 4610 2857 of

2909 2879 3007 2943 the
3035 2878 3276 2941 animal
3315 2879 3448 2941 into
3471 2885 3675 2962 parts.
3766 2877 3902 2939 For
3929 2877 4007 2961 {f
4033 2875 4157 2938 thie
4197 2897 4354 2939 were
4388 2884 4497 2939 not
4534 2884 4591 2938 to

2905 2982 2974 3045 be
3013 2981 3112 3045 tlte
3153 3002 3312 3058 case,
3341 2979 3615 3067 nothing
3653 2979 3855 3043 would
3895 2979 4055 3042 have
4098 2979 4243 3041 been
4280 2977 4594 3065 produced

2905 3084 3140 3148 besides
3167 3083 3448 3147 reason?

2989 3210 3055 3274 p.
3098 3186 3249 3269 589,
3275 3205 3336 3271 3,
3382 3187 3420 3265 ἡ
3476 3188 3539 3249 δὲ
3597 3182 4000 3264 μήτηρ-ἐπεὶ
4061 3184 4157 3245 καὶ
4214 3184 4365 3245 ὅσον
4424 3188 4592 3262 σῶμα

2903 3294 3008 3354 τοῦ
3033 3289 3367 3372 γινομένου,
3402 3290 3467 3352 ἐκ
3495 3292 3594 3368 τῆς
3637 3283 4082 3369 τροφῆς-ἁλλ’
4116 3286 4208 3348 ὅτι
4253 3285 4349 3349 καὶ
4385 3283 4589 3373 εἶδος]

2908 3397 3011 3460 Ita
3040 3417 3116 3457 ex
3150 3391 3320 3457 libris
3339 3391 3563 3456 nostris
3579 3406 3643 3455 et
3673 3389 3872 3454 Ficini
3892 3389 4169 3453 versione
4187 3387 4587 3453 restituimus

2907 3498 3008 3562 Ad
3039 3495 3402 3561 sententiam
3434 3494 3550 3559 loci
3580 3494 3771 3581 hujus
3804 3514 4167 3578 eorumque,
4198 3514 4342 3578 quae
4371 3491 4491 3555 sub
4521 3491 4591 3554 fl-

2908 3623 3049 3664 nem
3079 3598 3297 3686 capitis
3333 3598 3654 3685 leguntur,
3682 3594 4017 3661 tenendum
4061 3609 4178 3670 est,
4208 3593 4400 3658 fuisse
4426 3594 4587 3658 anti-

2908 3726 3067 3788 quos
3108 3702 3266 3765 inter
3303 3698 3702 3787 philosophos
3745 3697 3904 3761 hanc
3945 3695 4348 3783 quaestionem
4390 3697 4589 3783 agita·

2908 3822 3056 3880 tam,
3104 3827 3292 3892 quam
3334 3801 3656 3868 Censorini
3688 3800 3891 3865 verbis
3942 3801 4071 3883 (De
4118 3799 4240 3863 Die
4286 3798 4494 3863 Natali
4538 3824 4592 3863 c.

2905 3930 2967 3993 5.
3022 3932 3085 3996 p.
3148 3910 3249 3971 26.
3314 3907 3410 3972 ed.
3484 3907 3941 3990 Havercamp.)
4009 3901 4318 3966 declarare
4363 3902 4587 3990 juvat:

2907 4019 2951 4051 “
2985 4027 3196 4076 utrum
3242 4035 3317 4075 ex
3363 4008 3556 4097 patris
3611 4005 4043 4071 tantummodo
4098 4005 4327 4069 semine
4379 4021 4594 4092 partus

2908 4134 3216 4191 nascatur,
3248 4137 3327 4177 an
3366 4112 3550 4176 etiam
3590 4134 3669 4174 ex
3715 4109 3950 4188 matris»,
3992 4108 4162 4194 quod
4196 4111 4593 4194 Anaxagorae

2909 4233 2971 4282 et
3015 4215 3385 4292 Alcmaeoni,
3432 4237 3545 4277 nec
3591 4236 3713 4277 non
3771 4211 4148 4289 Parmenidi,
4198 4211 4593 4298 Empedocli-

2909 4343 3034 4406 que
3061 4336 3124 4384 et
3166 4318 3447 4406 Epicuro
3475 4316 3674 4380 visum
3707 4316 3857 4379 est.”
3944 4313 4390 4401 Empedoclem
4423 4314 4592 4400 quod

2912 4421 3134 4485 attinet
3163 4422 3251 4485 ita
3268 4420 3627 4486 Aristoteles
3656 4418 3735 4482 de
3760 4420 4057 4484 Generat.
4080 4417 4382 4482 Animall.
4406 4419 4463 4481 Ι.
4498 4419 4594 4483 18.

2912 4524 3036 4588 ita:
3081 4523 3760 4606 Ἐμπεδοκλῆς-φησὶν
3801 4525 3867 4585 ἐν
3909 4526 3988 4607 τῷ
4035 4523 4236 4603 ἄῤῥενι
4273 4523 4369 4585 καὶ
4413 4523 4480 4586 ἐν
4517 4527 4595 4609 τῷ

2913 4627 3081 4708 θήλει
3125 4628 3253 4691 οἶον
3293 4629 3606 4706 σύμβολον
3643 4625 3813 4698 εἶναι,
3862 4625 4010 4688 ὅλον
4055 4622 4102 4688 δ’
4145 4623 4242 4687 ἀπ’
4274 4624 4594 4706 οὐδετέρων

2907 4730 3162 4796 ἀπιέναι·

3026 4837 3163 4892 ἀλλὰ
3191 4836 3504 4891 διέσπασται
3530 4835 3726 4905 μελέων
3755 4832 3919 4904 φύσις
3946 4833 3976 4902 ἦ
4003 4835 4099 4903 μὲν
4123 4833 4179 4887 ἐν
4205 4833 4472 4904 &nopae-—

2907 4930 3028 4995 alio
3056 4929 3191 4995 loco
3231 4928 3462 5017 (ejusd.
3495 4928 3635 4993 libri
3671 4929 3820 5011 IV.)
3866 4926 4079 4991 addit:
4126 4929 4161 5007 ἡ
4198 4926 4246 4991 δ’
4279 4929 4345 4991 ἐν
4389 4953 4590 5010 γυναι-

2905 5035 3022 5100 κός.
3111 5034 3322 5120 Atque
3360 5031 3520 5095 hanc
3559 5028 3921 5094 sententiam
3964 5028 4285 5114 Stagirites
4329 5030 4421 5094 uti
4467 5053 4588 5095 non

2903 5158 2980 5199 ex
3022 5134 3193 5199 omni
3241 5149 3419 5222 parte
3473 5132 3859 5221 comprobat,
3903 5129 3991 5195 ita
4045 5145 4248 5194 tamen
4310 5133 4591 5198 universe

2909 5237 3205 5302 veriorem
3237 5237 3452 5302 ceteris
3481 5235 3748 5322 judicat.
3816 5232 3918 5298 cf.
3951 5232 4136 5297 etiam
4168 5230 4481 5298 Galeuum
4512 5235 4593 5300 de

2911 5341 3157 5406 Semine
3203 5341 3300 5405 11.
3355 5359 3413 5422 7.
3469 5363 3528 5425 p.
3565 5357 3705 5419 241.
3754 5336 3852 5401 ed.
3905 5335 4089 5399 Basil.
4182 5337 4288 5400 Ex
4332 5337 4593 5403 Joannis

2908 5460 3116 5507 autem
3151 5441 3481 5530 Philoponi
3504 5437 3943 5505 commentario
3970 5438 4033 5502 in
4060 5438 4463 5504 Aristotelem
4496 5443 4595 5507 De

2911 5544 3197 5609 Animall.
3248 5546 3540 5610 Generat.
3576 5544 3632 5606 Ι.
3676 5542 3782 5607 fol.
3822 5544 3959 5605 161.
3997 5564 4054 5605 a.
4103 5541 4421 5624 discimus,
4453 5568 4597 5633 qua*
