5118 6613
1323 535 1524 600 LIB.
1571 535 1628 598 1.
1673 534 2128 600 ENNEAD.
2178 534 2642 600 TERTIAE.
2686 557 2751 623 p.
2781 554 3144 619 412—414.

458 707 682 794 firre,
712 710 1049 793 enarrare)
1080 707 1424 794 profectam
1451 730 1583 772 esse
1608 730 1648 771 a
1676 705 1928 795 propria
1956 705 2018 770 vi
2045 706 2185 771 red-

486 809 701 885 dendi,
730 832 861 897 qua
901 809 975 888 is,
1004 809 1116 898 qui
1149 809 1498 875 institutam
1527 808 1869 875 orationem
1896 808 2182 888 absolvit,

3840 550 3955 621 137

2317 730 2386 795 p.
2397 727 2475 789 41
2488 726 2550 789 2,
2567 729 2627 794 9.
2640 710 2789 791 ὁρμῇ
2812 706 3409 796 ἐμπλήκτῳ]ΙηιΡείιι
3425 711 3756 773 temerario
3771 716 3832 773 et
3846 708 3960 795 qui

2266 813 2404 876 sine
2431 811 2690 876 consilio
2715 820 2776 875 et
2802 811 3047 875 rat-ione
3075 811 3373 899 impellat.
3465 812 3567 876 De
3610 811 3803 895 hujus
3844 808 3955 875 ad-

488 911 667 1000 quasi
717 913 993 977 debitum
1046 909 1449 978 audientibus
1504 914 1817 977 exsolvere
1864 913 2185 1000 putatur.”
2258 913 2474 1001 jectivi
2527 937 2649 978 usu
2700 911 2944 977 monuit
2994 913 3448 1000 Wyttenbach.
3498 914 3579 979 ad
3630 913 3959 979 Plutarch.

494 1014 761 1102 Subjicit
803 1014 1030 1081 deinde
1082 1015 1269 1104 plura
1316 1014 1630 1104 exempla,
1678 1015 1739 1079 in
1792 1015 1888 1080 his
1934 1013 2178 1080 Platon.

493 1119 658 1206 Rep.
706 1119 798 1183 X.
852 1141 917 1206 p.
947 1118 1097 1204 518.
1132 1120 1257 1183 A.:
1307 1117 1397 1202 ἆρ’
1445 1119 1551 1183 οὖν
1596 1117 1939 1183 ἀποδώσετέ
1978 1144 2099 1199 μοι,
2144 1119 2185 1183 ἃ

492 1222 887 1286 ἐδανείσασθε
917 1224 985 1286 ἐν
1012 1225 1093 1308 τῷ
1121 1223 1325 1308 λόγῳς
1374 1236 1436 1286 et
1468 1220 1655 1286 Polit.
1689 1244 1751 1309 p.
1782 1237 1921 1308 173.
1954 1222 2041 1286 G.

542 1347 611 1412 p.
620 1344 664 1405 4
673 1345 698 1388 1
711 1343 771 1402 2,
785 1342 819 1406 7
830 1371 846 1387 .
859 1326 995 1390 οὔτε
1006 1326 1440 1407 παρεγκλίσεσι
1454 1331 1649 1392 κεναῖς
1657 1325 1858 1408 χώραν
1867 1325 2189 1388 διδόντα-

493 1427 829 1513 ἐμπλήκτῳ]
867 1426 1218 1515 Epicurum
1244 1426 1445 1514 tangit
1476 1440 1705 1504 noster,
1724 1441 1789 1491 et
1817 1448 1999 1515 spero
2020 1425 2188 1491 hunc

492 1527 696 1594 locum
731 1528 962 1594 Plotini
1006 1528 1068 1593 in
1115 1542 1435 1616 posterum
1481 1552 1598 1617 pro
1624 1528 1876 1594 classico
1900 1527 2187 1593 habitum

492 1631 590 1708 iri,
639 1645 704 1697 et
745 1631 1096 1697 adhibitum
1150 1631 1467 1698 Ciceronis
1513 1631 1662 1697 locis
1711 1631 1994 1720 geminis.
2083 1632 2185 1696 De

495 1734 704 1800 Finib.
742 1735 798 1799 Ι.
833 1736 894 1800 6.
938 1754 1070 1817 19.:
1118 1743 1164 1776 “
1198 1734 1446 1801 Deinde
1474 1735 1705 1800 ibidem
1747 1734 1937 1799 homo
1964 1748 2186 1799 acutus

496 1837 874 1925 (Epicurus)
905 1860 1106 1924 quum
1136 1836 1292 1903 illud
1323 1851 1707 1903 occurreret:
1756 1837 1806 1902 si
1835 1835 2043 1902 omnia
2079 1836 2187 1902 de-

490 1962 700 2005 orsum
732 1963 768 2005 e
797 1939 1046 2027 regione
1080 1941 1391 2005 ferrentur
1417 1957 1505 2017 et,
1536 1956 1607 2004 ut
1636 1940 1792 2019 dixi,
1823 1940 1905 2005 ad
1932 1939 2179 2018 lineam,

492 2065 816 2130 nunquam
848 2042 1004 2121 fore,
1037 2059 1109 2109 ut
1153 2057 1400 2108 atomus
1443 2043 1638 2109 altera
1684 2041 1940 2110 alteram
1989 2042 2183 2131 possit

491 2145 836 2233 attingere:
882 2144 1095 2233 itaque
1122 2144 1336 2211 attulit
1363 2168 1492 2211 rem
1523 2148 2044 2220 commenticiam,·
2081 2147 2184 2210 de-

490 2248 729 2314 clinare
755 2249 925 2313 davit
948 2258 1223 2313 atomum
1246 2250 1669 2337 perpaullum,
1698 2273 1828 2336 quo
1856 2248 2007 2313 nihil
2039 2271 2180 2336 pos-

492 2365 586 2416 set
610 2350 747 2416 fieri
774 2351 982 2416 minus
1002 2352 1060 2415 :⁹⁹
1104 2350 1169 2415 in
1198 2350 1416 2439 primis
1441 2351 1521 2416 de
1552 2352 1702 2415 Nat.
1734 2352 1957 2415 Deorr.
1989 2351 2047 2415 1.
2078 2369 2181 2435 25.

491 2476 558 2540 p.
594 2473 736 2519 110.
781 2452 883 2518 ed.
914 2468 1106 2519 nostr.
1150 2466 1215 2519 et
1245 2453 1512 2519 Moseri:
1564 2462 1607 2494 ‘⁶
1641 2452 1813 2518 velut
1840 2451 2179 2540 Epicurus,

490 2579 635 2622 curn
667 2555 928 2637 videret,
957 2556 1007 2621 si
1036 2556 1227 2622 atomi
1255 2557 1569 2622 ferrentur
1597 2555 1665 2621 in
1690 2555 1895 2621 locum
1926 2554 2178 2620 inferio-

492 2682 623 2724 rem
667 2674 890 2746 suopte
931 2657 1231 2747 pondere,
1258 2660 1425 2724 nihil
1436 2661 1601 2747 jore
1628 2662 1699 2723 in
1727 2667 1948 2723 nostra
1984 2667 2186 2746 potes·-

490 2771 639 2838 tate‚
658 2763 823 2850 quod
837 2772 993 2828 esset
1011 2784 1226 2829 eorum
1246 2772 1449 2828 motus
1468 2771 1674 2828 certus
1694 2772 1754 2827 et
1771 2763 2183 2840 neccesarius,

491 2864 751 2943 invenit,
795 2888 925 2952 quo
971 2865 1389 2932 necessitatem
1440 2867 1763 2953 effugeret,
1803 2866 1973 2953 quod
2017 2863 2187 2929 vide-

490 2966 635 3032 licet
666 2967 1099 3034 Democritum
1120 2968 1397 3055 fugerat:
1427 2968 1517 3033 ait
1543 2978 1841 3049 atomum,
1858 2991 2000 3034 cum
2031 2990 2187 3056 pon-

493 3068 640 3135 dere
683 3082 747 3135 et
787 3070 1095 3157 gravitate
1122 3071 1360 3137 directo
1386 3070 1675 3136 deorsum
1708 3071 1966 3150 feratur,
1997 3071 2182 3135 decli-

489 3193 650 3239 nare
664 3174 1084 3262 paullulum?⁹
1156 3173 1495 3240 Lucretius
1526 3174 1625 3238 II.
1665 3175 1943 3239 288.—“
1971 3175 2081 3239 sed
2105 3195 2185 3239 ne

490 3299 665 3344 mens
691 3279 837 3368 ipsa
863 3299 1175 3344 necessum
1189 3278 1572 3344 Intestinum
1599 3277 1822 3344 haheat
1847 3280 2086 3344 cunctis
2112 3280 2185 3343 ὄπ

496 3382 682 3448 rebus
727 3383 1020 3469 ‹lg-mdia,
1054 3383 1149 3446 Et
1191 3382 1435 3446 devicta
1476 3384 1659 3470 quasi
1704 3391 1974 3471 cogatur
1987 3383 2188 3468 firre

488 3486 768 3574 patique,
806 3485 891 3549 Id
905 3486 1091 3571 facit
1136 3486 1447 3573 cmg-uum
1489 3484 1799 3549 clinamen
1837 3487 2185 3573 principio-

466 3609 640 3652 ·wm
667 3589 806 3652 Nec
844 3589 1090 3652 ratione
1131 3587 1248 3652 loci
1281 3596 1475 3666 certa,
1501 3609 1614 3651 nec
1654 3596 1924 3675 tempore
1962 3588 2184 3653 certo?

496 3690 596 3756 Cf.
617 3689 754 3757 Cic.
787 3690 868 3755 de
897 3691 1061 3754 Fato
1087 3711 1224 3778 cap.
1250 3708 1349 3756 20.
1383 3689 1491 3754 ubi
1519 3690 1976 3755 commenticias
2003 3690 2185 3754 decli-

490 3796 777 3859 nafiones
801 3791 971 3858 dicit.
1049 3792 1428 3858 Plutarchus
1455 3816 1569 3857 cur
1599 3792 1832 3881 Pythia
1859 3814 2028 3857 nunc
2058 3815 2181 3857 non

495 3894 669 3961 redd.
721 3895 972 3961 oracula
1020 3894 1290 3962 carmine
1337 3919 1403 3983 p.
1445 3897 1594 3983 398.
1646 3897 1724 3961 Β.
1777 3919 1845 3984 p.
1888 3897 1967 3981 63
1987 3915 2037 3960 ι.
2085 3919 2178 3984 sq.

494 3998 864 4088 Wyttenb.:
913 3998 1060 4074 εἶτα,
1095 3999 1249 4082 ἔφην
1279 4001 1416 4082 ἐγὼ,
1449 4002 1597 4083 τύχῃ
1627 4025 1726 4064 σοι
1754 4004 1917 4063 δοκεῖ
1957 4001 2052 4064 καὶ
2078 3999 2181 4064 αὖ·

492 4102 724 4189 τομάτῳ
751 4108 870 4167 τῶν
896 4104 1178 4168 τοιούτων
1206 4102 1461 4168 ἕκαστον
1491 4101 1763 4176 ἑοικέναι,
1801 4102 1896 4165 καὶ
1930 4103 2183 4166 πιθανόν

495 4208 625 4271 ἐστι
652 4209 757 4275 τᾶς
785 4205 1035 4286 ἀτόμους
1064 4208 1397 4285 ἐξολισθεῖν
1424 4205 1518 4270 καὶ
1542 4209 1887 4285 διαλυθῆναι
1915 4205 2011 4268 καὶ
2037 4229 2184 4287 παρ-

494 4314 764 4392 εγκλῖναι
809 4307 955 4389 μήτε
995 4310 1303 4391 πρότερον,
1355 4306 1504 4389 μήτε
1550 4309 1802 4390 ὕστερον
1847 4308 2010 4372 ἀλλὰ
2058 4304 2179 4371 κατ’

494 4413 724 4477 ἐκεῖνον
751 4410 859 4474 τὸν
885 4412 1128 4495 χρόνον,
1161 4412 1229 4474 ἐν
1257 4407 1305 4497 ᾧ
1333 4416 1451 4474 τῶν
1480 4409 1819 4475 ἀναθέντων
1849 4409 2115 4485 ἕκαστος,
2143 4406 2182 4489 ἦ

492 4520 700 4600 χεῖρον
728 4514 948 4594 ἔμελλε
975 4512 1220 4596 πράξειν
1245 4509 1284 4592 ἦ
1309 4514 1598 4594 βελτίους
1649 4513 1744 4577 καὶ
1771 4513 1845 4577 σὲ
1877 4514 1989 4592 μὲν
2014 4510 2182 4577 Ἐπί-

494 4643 698 4701 κουρος
726 4617 960 4700 ὠφελεῖ
983 4621 1108 4691 νῦν,
1130 4617 1207 4683 ὣς
1235 4616 1447 4681 ἔοικεν.
1474 4613 1577 4697 ἀφ’
1598 4617 1681 4679 ὧν
1704 4612 1925 4694 εἶπενῆ
1948 4614 2183 4698 ἔγραψε

491 4721 605 4803 πρὸ
635 4721 786 4785 ἑτῶν
812 4719 1184 4803 τριακοσίων.
1248 4717 1529 4783 Verbum
1556 4719 1974 4800 παρεγκλίνειν
2007 4737 2183 4780 usur-

491 4836 601 4911 pat
628 4821 921 4887 Plotinus
949 4822 1135 4886 etiam
1166 4822 1285 4886 v1.
1320 4823 1383 4886 6.
1411 4840 1478 4906 3.
1527 4820 1636 4884 sed
1675 4843 1755 4884 ex
1800 4833 2012 4883 nostro
2046 4817 2183 4883 loco

488 4924 808 4991 lucramur
837 4922 1336 5002 substantivum,
1366 4921 1559 5011 idque
1603 4921 1775 4987 haud
1806 4920 1997 4986 dubie
2025 4943 2176 5008 pro-

490 5027 624 5116 prie
658 5027 724 5092 in
766 5026 885 5092 hac
922 5049 991 5091 re
1021 5037 1393 5113 usurpatum
1422 5025 1505 5090 ab
1533 5023 1882 5114 Epicureis.
1976 5023 2180 5112 Cujus

489 5129 859 5196 substantivi
890 5151 1086 5193 unum
1114 5127 1424 5193 duntaxat
1449 5126 1806 5216 exemplum
1837 5151 1914 5193 ex
1937 5126 2183 5195 Galeno

490 5247 553 5298 et
579 5233 712 5298 sola
739 5231 1120 5297 medicorum
1165 5230 1469 5297 sententia
1513 5230 1767 5296 exbibet
1804 5230 1936 5319 ipse
1980 5252 2182 5296 novus

493 5336 863 5401 Thesaurus
944 5333 1264 5421 Stephano
1285 5333 1702 5423 -Valpyanus.
1816 5332 2183 5422 Respondet

491 5455 695 5513 autem
740 5461 821 5504 ex
864 5460 1001 5503 asse
1040 5436 1466 5502 Plotinianutn
1511 5438 1945 5520 παρεγκλίσεσι
1991 5443 2185 5507 κεναῖς

495 5541 902 5607 Ciceroniano
924 5542 1382 5607 commenticias
1408 5540 1867 5606 declinationes.

590 5650 780 5705 vob.
819 5648 948 5703 111.

2268 1039 2334 1104 p.
2368 1034 2514 1103 927.
2566 1031 2628 1081 et
2678 1039 2823 1103 pag.
2863 1035 3047 1102 1033.
3141 1016 3246 1080 Cf.
3299 1016 3482 1081 etiam
3534 1015 3957 1082 doctissimum

2270 1120 2535 1207 Baguet.
2563 1118 2647 1183 ad
2670 1118 2857 1183 Dion.
2884 1118 3313 1208 Chrysostom.
3336 1122 3512 1185 Orat.
3535 1120 3739 1185 VIII.
3767 1143 3829 1208 p.
3850 1120 3959 1205 58.

2270 1245 2363 1309 sq.
2453 1221 2646 1286 Adde
2678 1220 2971 1286 Proclum
3003 1220 3067 1285 in
3098 1221 3347 1287 Platon.
3379 1221 3587 1288 Alcib.
3618 1246 3719 1311 pr.
3762 1246 3816 1288 c.
3851 1223 3956 1306 64.

2273 1349 2335 1411 p.
2364 1326 2508 1390 186.
2538 1324 2691 1413 ibiq.
2746 1325 2976 1389 Annot.
3026 1339 3218 1390 nostr.
3250 1325 3358 1390 ubi
3391 1324 3782 1392 Platonicum
3828 1349 3961 1391 esse

2272 1426 2643 1493 vocabulum
2673 1426 3049 1492 monuimuS.

2353 1553 2419 1618 p.
2449 1550 2603 1616 413,
2636 1531 2698 1595 8.
2745 1532 2946 1613 εὔρους
2984 1532 3068 1597 εἷς
3099 1528 3477 1596 παιδοποιίαν
3501 1531 3540 1610 ἡ
3565 1531 3734 1614 γυνὴ,
3768 1530 3963 1612 ἐπιτή-

2271 1638 2425 1702 δειος
2453 1637 2536 1702 εἷς
2561 1633 2795 1721 τόκους]
2843 1634 2951 1697 Ita
2977 1630 3190 1719 scripsi
3218 1646 3280 1697 et
3309 1632 3616 1697 bonorum
3656 1632 3959 1700 librorum

2266 1735 2635 1803 auctoritate
2661 1751 2726 1801 et
2756 1734 3061 1814 Platonis,
3091 1757 3280 1823 quern
3326 1751 3472 1800 ante
3513 1735 3726 1802 oculos
3772 1737 3962 1803 habet

2270 1839 2576 1905 Plotinus.
2669 1840 2771 1904 Ita
2800 1837 2964 1904 enim
2993 1837 3095 1902 ille
3122 1836 3203 1903 de
3234 1839 3438 1926 Legg.
3468 1840 3583 1904 VI.
3616 1863 3682 1927 p.
3717 1841 3865 1923 784.
3897 1864 3953 1906 a.

2271 1967 2332 2031 p.
2364 1961 2513 2028 474.
2546 1941 2786 2008 Bekk.:
2831 1943 2869 2023 ἡ
2915 1945 2980 2007 δὲ
3029 1940 3371 2006 παιδοποιία
3417 1943 3513 2006 καὶ
3558 1943 3798 2024 φυλακὴ
3842 1950 3960 2008 τῶν

2265 2045 2808 2125 παιδοποιουμένων
2837 2044 3056 2113 δεκέτις
3086 2044 3260 2119 ἔστω,
3291 2045 3371 2126 μὴ
3399 2046 3588 2109 πλείω
3618 2048 3683 2110 δὲ
3710 2047 3955 2130 χρόνον,

2267 2151 2413 2214 ὅταν
2442 2151 2641 2231 εὔροια
2668 2146 2706 2229 ᾖ
2731 2152 2833 2228 τῆς
2857 2147 3171 2231 γενέσεως.
3235 2146 3510 2234 Vulgata
3534 2146 3718 2213 lectio
3748 2172 3825 2238 ex
3858 2171 3959 2230 ea-

2250 2251 2407 2317 dem
2436 2251 2797 2317 confusione
2837 2264 2995 2328 orta,
3027 2249 3196 2314 unde
3239 2249 3468 2337 saepius
3512 2251 3739 2333 εὗροεΐν
3768 2265 3833 2316 et
3861 2253 3954 2316 εὑ-

2264 2361 2392 2437 ρεῖν
2418 2367 2879 2442 permutantur,
2910 2352 3276 2418 observante
3324 2350 3508 2416 etiam
3551 2351 3959 2417 Boissonadio

2266 2456 2347 2521 ad
2370 2459 2623 2545 Eunap.
2656 2479 2719 2544 p.
2746 2476 2886 2538 140.
2919 2479 3011 2543 sq.
3060 2454 3436 2543 Hippocrat.
3467 2454 3821 2543 Aphorism.
3856 2457 3955 2523 11.

2267 2581 2326 2645 9.
2358 2562 2433 2624 τὰ
2461 2561 2708 2640 σώματα
2755 2561 2933 2642 εὕροα
2974 2558 3217 2632 ποιέειν,
3248 2557 3421 2646 quod
3453 2555 3733 2622 Galenus
3758 2557 3959 2645 expli·

2267 2678 2386 2728 cat.
2477 2661 2622 2728 Vid.
2671 2661 2863 2727 Foesii
2908 2662 3244 2726 OEconom.
3294 2659 3668 2748 Hippocrat.
3715 2658 3779 2725 in
3826 2684 3955 2726 voc.

2272 2768 2503 2849 εὔρουν,
2546 2780 2611 2831 et
2660 2764 2742 2831 cf.
2794 2765 3079 2851 Lennep.
3139 2763 3221 2828 ad
3281 2762 3600 2828 Phalarid.
3660 2762 3953 2851 Epistoll.

2273 2869 2511 2933 XVII.
2543 2891 2607 2956 p.
2640 2868 2741 2932 86.
2773 2890 2864 2954 sq.
2958 2865 3146 2946 Quod
3184 2882 3393 2931 autem
3429 2865 3805 2931 παιδοποιίαν
3833 2865 3957 2931 sin-

2268 2971 2471 3060 gulari
2501 2993 2764 3036 numero
2780 2969 3000 3058 junxit
3026 2991 3170 3034 cum
3200 2967 3427 3057 plurali
3454 2970 3660 3037 τόκους
3685 2968 3957 3056 philoso-

2269 3076 2436 3163 phus
2462 3091 2693 3153 noster,
2716 3096 2814 3138 res
2841 3072 2977 3162 ipsa
3002 3071 3205 3152 docet,
3230 3085 3294 3137 et
3314 3070 3593 3137 Platonis
3618 3069 3791 3136 locus
3817 3094 3963 3137 con-

2270 3180 2494 3243 firmat.

2356 3318 2443 3331 —
2474 3301 2501 3346 1
2519 3300 2577 3346 1.
2626 3280 2722 3345 καὶ
2747 3279 2818 3345 οὗ
2845 3280 3268 3348 κατακούοντος
3294 3278 3815 3367 τῶν-ἀνιόντων]
3868 3278 3961 3345 Et

2268 3384 2379 3472 qui
2408 3406 2533 3448 non
2563 3382 2727 3448 clare
2754 3405 2828 3447 ac
2857 3381 3104 3470 penitus
3131 3381 3455 3470 percipiat.
3516 3382 3753 3445 Auctor
3777 3379 3955 3464 Ἐρα-

2269 3492 2427 3551 ο-τῶν
2453 3485 2517 3550 in
2548 3484 2831 3550 Platonis
2871 3483 3132 3572 dialogis
3174 3507 3238 3572 p.
3277 3503 3417 3569 133.
3449 3483 3514 3548 b.
3562 3483 3762 3565 λέγων
3801 3481 3961 3564 μέγα

2267 3594 2337 3670 τῇ
2379 3593 2574 3673 φωνῇ,
2618 3587 2692 3653 ἵν’
2724 3588 2904 3653 αὐτοῦ
2948 3589 3258 3652 κατακούοι
3295 3589 3370 3650 τᾶ
3412 3584 3670 3650 παιδικά.
3773 3583 3960 3650 Plato

2271 3691 2545 3780 Sophist.
2594 3713 2660 3778 p.
2694 3690 2837 3772 248.
2884 3690 2948 3754 b.
2992 3688 3123 3774 τάχ’
3156 3690 3281 3763 οὖν,
3330 3686 3378 3752 ὦ
3426 3688 3720 3768 Θεαίτητε
3765 3686 3959 3753 αὐτῶν

2266 3794 2374 3873 τὴν
2394 3794 2541 3877 πρὸς
2568 3799 2752 3858 ταῦτα
2777 3793 3089 3875 ἀπόκρισιν
3112 3792 3189 3856 σὺ
3215 3793 3329 3872 μὲν
3357 3792 3427 3857 οὗ
3456 3792 3810 3859 κατακούεις.
3846 3789 3958 3856 ubi

2271 3896 2394 3961 vid.
2444 3896 2777 3962 Heindorf.
2825 3918 2887 3983 p.
2923 3895 3073 3981 388.
3139 3893 3393 3960 Lucian.
3431 3896 3846 3983 Necyomant.
3892 3912 3953 3978 7.

2271 4001 2463 4065 Tom.
2495 4000 2554 4063 I.
2597 4022 2663 4086 p.
2690 4000 2839 4084 465.
2890 3999 3100 4063 Amst.
3132 3997 3628 4081 Ἥρωι-ῥῆσίν
3671 4022 3807 4062 τινα
3848 4023 3959 4079 μα-

2272 4105 2416 4186 κρᾶν
2444 4102 2764 4184 ἐπιλέγων,
2809 4101 2879 4181 ἧς
2916 4101 2986 4165 οὗ
3032 4102 3272 4184 σφόδρα
3308 4100 3652 4180 κατήκουον.
3700 4099 3810 4165 ubi
3857 4122 3958 4165 so-

2266 4204 2591 4270 lummodo
2612 4227 2778 4269 unus
2804 4203 2961 4269 liber
2985 4204 3136 4268 MS.
3166 4203 3239 4284 ἣν
3260 4201 3465 4268 babet.
3514 4203 3677 4267 Haec
3706 4201 3787 4267 de
3815 4225 3961 4268 con·

2268 4307 2608 4373 structione
2637 4322 2700 4372 et
2731 4306 3172 4395 significatione
3199 4327 3513 4394 apponere
3541 4303 3734 4384 volui,
3755 4304 3821 4370 in
3850 4327 3961 4370 no-

2266 4409 2528 4476 vissimis
2558 4409 2808 4477 Lexicis
2835 4433 2958 4474 non
2990 4408 3136 4474 satis
3162 4408 3461 4496 exposita.
3577 4411 3587 4422 '

2360 4551 2449 4563 —
2483 4530 2581 4596 17.
2650 4516 2709 4578 οἱ
2752 4515 2866 4594 μὲν
2913 4515 3101 4596 ἀρχᾶς
3146 4513 3483 4591 σωματικὰς
3525 4509 3782 4592 θέμενοι.
3828 4511 3959 4575 οἶον

2265 4617 2545 4705 ἀτόμους]
2616 4614 2856 4703 Tangit
2905 4614 3150 4680 eofflem
3205 4612 3606 4701 philosophos
3658 4612 3844 4678 Plato
3889 4611 3954 4678 in

2270 4717 2544 4806 Sophist.
2578 4740 2640 4806 p.
2669 4721 2814 4801 246.
2850 4741 2939 4805 sq.
2971 4738 3109 4803 190.
3143 4715 3438 4797 Bekkeri,
3468 4715 3761 4781 nimirum
3794 4718 3958 4782 Leu-

2266 4820 2547 4909 cippum,
2595 4820 3049 4899 Democritum,
3101 4819 3520 4908 Aristippum.
3572 4817 3698 4884 vid.
3751 4817 3956 4883 Hein-

2264 4923 2424 4989 dorf.
2455 4923 2536 4988 ad
2567 4947 2714 4989 eum
2743 4923 2946 4988 locum
2978 4946 3040 5011 p.
3066 4923 3213 5009 381.
3259 4921 3339 4987 cf.
3373 4921 3684 4988 Theaetet.
3722 4944 3782 5007 p.
3812 4942 3953 5008 155.

2264 5050 2319 5093 e.
2368 5025 2562 5092 Adde
2592 5026 2875 5092 Ciceron.
2905 5025 2987 5091 de
3013 5024 3223 5090 Finib.
3249 5026 3310 5092 1.
3342 5027 3405 5090 6.
3435 5023 3517 5089 de
3545 5027 3697 5090 Nat.
3730 5025 3953 5090 Deorr.

2269 5131 2325 5197 I.
2362 5148 2463 5216 25.
2498 5129 2610 5195 ubi
2649 5144 2713 5195 et
2758 5129 2925 5195 bunc
2957 5127 3190 5194 Plotini
3232 5127 3436 5193 locum
3483 5127 3661 5215 attigi
3706 5150 3774 5215 p.
3813 5148 3953 5191 111.

2266 5247 2330 5299 et
2356 5231 2509 5297 alios
2538 5231 2865 5320 scriptores
2891 5229 3163 5297 laudavi.
3198 5230 3302 5296 Cf.
3327 5229 3510 5295 etiam
3533 5228 3697 5294 infra
3717 5252 3784 5317 p.
3803 5247 3953 5314 309.

2352 5462 2420 5527 p.
2448 5456 2605 5521 414,
2633 5438 2697 5501 6.
2742 5437 2824 5501 Οἱ
2863 5437 2928 5501 δὲ
2975 5435 3073 5499 ἐπὶ
3114 5434 3222 5516 τὴν
3248 5439 3354 5500 τοῦ
3392 5433 3612 5502 παντὸς
3640 5432 3829 5517 ἀρχὴν
3858 5434 3957 5497 ἑλ-

2268 5540 2660 5608 θόντεςὶκαὶ
2701 5540 2919 5620 ταύτην
2964 5538 3035 5605 οὗ
3076 5539 3265 5620 μόνον
3303 5536 3614 5626 κινοῦσαν]
3663 5536 3746 5600 In
3785 5558 3955 5602 com-

2422 5648 2473 5700 Τ
