5118 6613
1345 533 1540 598 Lm.
1589 534 1723 599 1x.
1772 533 2225 600 ENNEAD.
2274 536 2666 602 SEXTAE.
2713 561 2774 625 p.
2817 538 3259 625 1392-1398.

558 703 984 769 emendatione
1024 704 1517 771 Hemsterhusii:
1565 706 1643 771 cf.
1689 720 1897 771 annot.
1946 723 2134 772 nostr.
2181 730 2242 795 p.

3909 558 4035 622 409

2333 708 2971 790 ἀφελοῦσα-πλῆθος
3029 739 3081 776 κ.
3112 739 3162 776 τ.
3194 714 3283 798 λ.]
3382 710 3688 776 Alcinous
3744 732 3805 796 p.
3851 728 4018 794 479:

556 806 736 890 587.)
828 806 1119 871 Indidem
1175 807 1219 872 J
1225 808 1472 895 uppiter
1523 831 1691 873 nunc
1745 811 1934 874 Mens
1988 824 2247 875 vocatur
2334 812 2503 875 ἔσται
2531 814 2598 876 δὲ
2625 814 2821 894 πρώτη
2847 815 2960 891 μὲν
2989 814 3167 878 αὐτοῦ
3189 814 3323 897 (τοῦ
3339 812 3546 898 Ἕνὸς)
3577 817 3781 894 νόησις
3808 815 3844 894 ἦ
3876 818 4023 879 κατὰ

558 908 972 997 Philosophis,
999 931 1168 975 nunc
1197 910 1437 976 Mentis
1474 910 1660 988 filius,
1690 935 1858 977 nunc
1895 911 2027 1000 ipse
2059 914 2246 978 Pater
2331 916 2655 997 ἀφαίρεσιν
2674 917 2914 989 τούτων,
2939 916 3095 984 ὅπως
3116 917 3211 981 καὶ
3239 924 3486 998 σημεῖον
3515 916 3848 997 ἐνοήσαμεν
3872 920 4020 981 κατὰ

554 1011 920 1098 genitorque
948 1034 1155 1076 rerum
1180 1013 1458 1078 omnium
1485 1013 1777 1097 (Proclus
1795 1014 1840 1079 l.
1861 1015 1901 1080 l.
1934 1015 2076 1080 coll.
2099 1035 2240 1097 204.

554 1128 612 1178 et
642 1117 824 1199 303.)
855 1112 1027 1201 quod
1058 1127 1122 1180 et
1148 1114 1352 1202 ipsum
1383 1118 1786 1205 conjunctum
1827 1131 1932 1184 est.
1954 1142 2099 1183 cum
2129 1142 2240 1207 po·

552 1215 872 1302 pularibus
898 1216 1302 1305 religionibus
1332 1217 1496 1301 (Cic.
1528 1219 1608 1284 de
1639 1220 1724 1284 N.
1753 1221 1839 1284 D.
1877 1221 1973 1285 11.
2003 1239 2063 1286 2.
2093 1244 2234 1285 cum

552 1333 762 1385 annot.
794 1342 856 1406 p.
885 1338 1026 1385 211.
1057 1336 1121 1384 et
1151 1321 1249 1384 ΙΙ.
1278 1335 1379 1406 25.
1407 1325 1677 1409 ρ.305.)
1768 1323 1972 1410 Cujus
1999 1322 2089 1388 rei
2118 1322 2239 1411 sig-

551 1420 958 1487 nificationem
1011 1422 1179 1488 addo
1230 1446 1309 1487 ex
1360 1423 1628 1489 historiis
1677 1424 2038 1513 repetitam:
2110 1427 2239 1492 Dio

555 1524 721 1588 Cass.
753 1524 815 1587 in
846 1526 1173 1612 Excerptt.
1200 1527 1456 1591 CXVI.
1483 1550 1547 1614 p.
1571 1545 1646 1614 23
1663 1548 1714 1592 1.
1755 1529 1949 1612 (Nov.
1977 1528 2234 1595 Collect.

550 1627 724 1706 vat.)
751 1651 766 1691 :
814 1628 904 1691 ὅτι
943 1630 976 1691 ὁ
1017 1632 1194 1708 &pe-os·
1232 1630 1330 1693 ἐπὶ
1358 1631 1667 1712 Μακρίνου
1694 1629 1839 1712 πρὸς
1865 1630 1971 1696 τὸν
2001 1634 2124 1697 Δία
2153 1633 2234 1697 εἶ-

549 1754 682 1803 πον,
716 1730 793 1796 ὥς
823 1730 1036 1812 Κύριος
1064 1731 1375 1814 ὧργίσθης,
1408 1733 1485 1799 ὣς
1511 1733 1700 1814 πατὴρ
1730 1734 1988 1815 ἐλέησον
2013 1737 2177 1816 ἡμᾶς.

635 1854 697 1918 p.
733 1833 919 1916 1396,
942 1851 1007 1917 3.
1053 1835 1211 1897 Οὔτε
1238 1837 1353 1917 γὰρ
1384 1834 1752 1918 διακέκριται,
1783 1839 1861 1904 ὡς
1889 1840 1947 1902 οῖ
1974 1840 2151 1920 λόγοι
2177 1841 2236 1903 οἱ

548 1933 653 2016 ἤδη
683 1931 809 1997 καθ’
842 1934 910 1999 ἓν
938 1935 1246 2014 νοούμενοι
1277 1964 1326 1999 κ.
1344 1962 1396 2001 τ.
1420 1939 1510 2022 λ.]
1563 1937 1838 2025 Taylor:
1884 1948 1928 1979 “
1949 1942 2079 2005 For
2106 1941 2156 2006 it
2183 1942 2235 2006 is

548 2035 786 2101 neither
815 2036 1135 2123 separated
1165 2035 1290 2102 like
1324 2038 1430 2103 the
1468 2062 1715 2106 reasons
1749 2041 1818 2127 [i.
1843 2066 1899 2106 e.
1928 2043 2122 2108 forms
2163 2068 2235 2108 or

545 2136 713 2202 ideas
737 2136 802 2201 in
834 2138 941 2202 the
969 2137 1203 2202 human
1233 2138 1394 2226 soul]
1429 2141 1625 2206 which
1656 2166 1762 2208 are
1791 2145 2114 2231 perceived
2145 2146 2233 2233 by

544 2264 662 2306 our
688 2239 959 2306 intellect
995 2264 1114 2305 one
1155 2257 1221 2306 at
1261 2266 1301 2307 a
1343 2243 1490 2308 time
1532 2242 1684 2329 [and
1726 2258 1838 2310 not
1874 2246 2231 2311 simultane-

545 2343 750 2432 ously]
788 2367 902 2408 nor
939 2343 992 2407 is
1032 2343 1084 2409 it
1123 2368 1163 2409 a
1203 2346 1502 2411 confused
1548 2347 1883 2414 multitude
1900 2351 1956 2414 :''
1998 2350 2236 2416 addens

546 2445 610 2509 in
640 2461 807 2526 nota,
835 2445 970 2511 haec
997 2469 1120 2512 non
1152 2463 1317 2513 recte
1343 2448 1654 2514 intellecta
1682 2466 1744 2515 et
1771 2474 2065 2516 conversa
2104 2476 2235 2517 esse

543 2571 582 2612 a
611 2548 863 2613 Ficino:
914 2556 958 2587 “
983 2550 1112 2613 For
1141 2548 1247 2614 the
1276 2550 1509 2615 human
1537 2550 1867 2631 intellect‚''
1894 2553 1982 2617 ait
2012 2553 2105 2617 vir
2133 2553 2236 2619 ille

545 2650 787 2730 doctus,
831 2659 876 2691 “
907 2651 1217 2739 perceives
1258 2652 1405 2740 only
1435 2677 1552 2718 one
1590 2655 1753 2719 form
1795 2678 1867 2720 or
1908 2655 2048 2720 idea
2089 2669 2156 2721 at
2198 2681 2237 2721 a

545 2753 718 2828 time;
752 2754 870 2818 but
888 2777 926 2818 a
942 2752 1151 2818 divine
1172 2754 1444 2821 intellect
1469 2779 1598 2821 sees
1616 2757 1697 2821 all
1724 2758 1918 2822 forms
1938 2773 2003 2824 at
2023 2781 2191 2824 once.
2200 2761 2237 2788 '⁹

545 2857 736 2922 Nunc
776 2879 813 2920 e
857 2856 1040 2921 Med.
1072 2860 1159 2922 A.
1205 2857 1596 2947 intelligitur,
1634 2859 1919 2925 Ficinum
1964 2884 2042 2925 ex
2085 2884 2231 2926 con-

533 2958 780 3046 jectura
813 2957 1153 3048 explevisse
1179 2959 1421 3025 locum:
1472 2963 1547 3029 ὥς
1575 2965 1633 3027 02
1660 2966 1836 3045 λόγοι
1866 2966 1934 3028 ἐν
1960 2970 2235 3047 προφορᾶ

543 3060 702 3138 ἀλλ’,
733 3060 880 3127 inde
923 3063 1268 3148 profectum
1315 3078 1410 3128 est
1450 3063 1642 3130 illud:
1700 3074 1742 3106 “
1766 3066 1926 3131 sicut
1966 3068 2234 3132 rationes

540 3163 603 3227 in
619 3165 978 3253 prolatione
1001 3164 1117 3248 (ita
1136 3165 1569 3253 corrigendum
1596 3168 1773 3234 estin
1799 3167 2060 3257 Taylori
2083 3184 2231 3235 nota

541 3266 710 3333 istud
727 3267 1125 3355 probatione)
1159 3268 1378 3348 solent,
1408 3269 1857 3359 sed”—Neque
1888 3295 2034 3338 vero
2064 3272 2229 3338 ullus

537 3370 731 3435 codex
760 3370 966 3436 firmat
986 3371 1402 3458 conjecturam
1428 3373 1714 3440 Marsilii.
1782 3376 1938 3440 Mox
1971 3381 2060 3464 (p.
2079 3378 2222 3462 763.

541 3476 629 3537 A.
658 3473 725 3537 τὸ
755 3473 826 3553 δὴ
852 3472 965 3555 πρὸ
996 3478 1102 3538 νοῦ
1127 3479 1234 3539 τοῦ
1261 3503 1309 3538 κ.
1331 3501 1385 3541 τ.
1405 3478 1491 3555 λ.)
1527 3476 1788 3564 Taylori
1817 3478 2226 3566 suspicionem

539 3576 957 3641 confirmatam
989 3575 1163 3641 vides
1190 3576 1362 3642 libris
1400 3579 1642 3644 nostris,
1734 3582 1880 3667 Ego
1908 3580 2111 3645 locum
2141 3582 2230 3646 ita

541 3678 827 3744 constitui
856 3678 924 3743 τὸ
954 3679 1024 3759 δὴ
1050 3679 1164 3761 πρὸ
1196 3685 1319 3755 νοῦ,
1339 3685 1443 3745 τοῦ
1473 3683 1539 3745 ἐν
1560 3687 1682 3749 τοῖς
1703 3684 1838 3747 οὖσι
1859 3684 2222 3764 τιμιωτάτου,

546 3785 706 3864 εἴπερ
735 3787 831 3846 δεῖ
851 3808 906 3845 τι
931 3782 1045 3864 πρὸ
1078 3787 1185 3846 νοῦ
1213 3783 1364 3847 εἶναι
1393 3811 1445 3847 κ.
1465 3808 1517 3848 τ.
1542 3791 1604 3847 λ.

621 3921 712 3935 —-
741 3886 842 3949 16.
888 3888 1074 3967 Εἴπερ
1103 3887 1168 3949 δὲ
1206 3890 1300 3950 δεῖ
1329 3885 1623 3965 ὀνομάσαι
1663 3891 1865 3953 κοινῶς
1899 3886 1975 3950 ἂν
2001 3890 2226 3970 λεχθὲν

538 3986 895 4072 -χαλεπὸν
918 3989 1031 4067 μὲν
1058 3990 1447 4076 γνωσθῆναι]
1498 3987 1639 4054 Vid.
1674 4010 1864 4075 supra
1897 3988 1980 4052 ad
2011 3990 2126 4053 VI.
2160 3990 2220 4056 8.

549 4109 644 4173 19.
689 4113 752 4177 p.
781 4105 815 4172 7
819 4110 926 4175 54.
961 4090 1037 4153 B.
1080 4090 1189 4154 ubi
1221 4090 1423 4154 fontes
1465 4090 1528 4154 in
1563 4090 1842 4155 Platonis
1876 4090 2122 4155 Timaeo
2160 4105 2222 4158 et

541 4192 832 4279 Sophista
862 4190 1287 4256 indicavimus.
1377 4194 1549 4271 Quos
1578 4191 1741 4256 locos
1770 4191 2015 4279 respicit
2049 4191 2223 4257 Alci-

537 4318 693 4359 nous
720 4294 801 4360 de
830 4294 1046 4358 Doctr.
1074 4293 1237 4359 Plat.
1273 4295 1361 4358 X.
1397 4318 1459 4382 p.
1486 4296 1652 4378 476:
1704 4297 1835 4374 ἑξῆς
1869 4297 1933 4358 δὲ
1958 4295 2094 4376 περὶ
2120 4300 2223 4374 τῆς

537 4399 731 4479 τρίτης
758 4398 942 4481 ἀρχῆς
967 4397 1243 4476 ποιητέον
1270 4397 1379 4462 τὸν
1404 4401 1612 4481 λόγον,
1636 4397 1711 4477 ἦν
1737 4403 1945 4480 μικροῦ
1972 4403 2097 4463 δεῖν
2127 4399 2222 4464 καὶ

538 4502 787 4583 ἅῤῥητον
811 4500 1040 4583 ἡγεῖται
1067 4503 1101 4564 ὁ
1129 4499 1412 4564 Πλάτων.
1503 4500 1606 4564 Cf.
1639 4523 1699 4587 p.
1726 4501 1875 4581 478.
1907 4500 2073 4564 med.

619 4626 687 4690 p.
714 4619 899 4688 1397,
920 4604 979 4667 8.
1022 4604 1115 4667 καὶ
1143 4603 1251 4682 τὴν
1270 4602 1476 4686 ψυχὴν
1502 4605 1673 4667 ἑνοῦν
1703 4601 2006 4688 θέλοντες]
2047 4604 2219 4669 Edit.

540 4706 756 4770 vitiose
785 4707 853 4769 ἑν
880 4705 968 4779 οὐ,
1002 4704 1134 4769 Fic.
1168 4720 1230 4769 et
1261 4703 1502 4792 Taylor
1532 4705 1600 4770 ἓν
1629 4705 1782 4770 εἶναι
1810 4705 2216 4792 conjecerant.

535 4809 683 4895 Ego
701 4829 780 4870 ex
805 4805 964 4871 Cod.
986 4807 1127 4871 Vat.
1153 4829 1406 4870 manum
1433 4805 1666 4870 Plotini
1689 4806 1950 4871 restitui.
1997 4807 2223 4873 Paullo

538 4909 852 4997 superius:
911 4910 986 4976 ὡς
1020 4909 1216 4991 πηγὴν
1243 4914 1361 4973 τῶν
1394 4911 1653 4992 ἀρίστων
1690 4911 1836 4973 ὅντα
1881 4937 1932 4973 κ.
1950 4935 2004 4974 τ.
2021 4919 2085 4974 λ.
2136 4911 2218 4975 cf.

411 5068 420 5087 ,
534 5011 840 5077 Alcinous
875 5033 941 5098 p.
971 5026 1094 5094 477
1114 5035 1129 5076 ε
1176 5013 1423 5094 ἀγαθόν.
1466 5011 1628 5095 λέγω
1668 5014 1733 5076 δὲ
1769 5013 1882 5097 οὐχ
1910 5013 1988 5080 ὣς
2015 5015 2220 5096 ὁρίζων

535 5119 742 5197 ταῦτα,
781 5112 919 5177 ἀλλ’
967 5114 1044 5181 ὡς
1086 5117 1233 5178 κατὰ
1273 5114 1468 5179 πάντα
1514 5117 1596 5181 εἰς
1638 5115 1882 5195 δύναμιν
1927 5116 2225 5199 εὐεργετεῖ

534 5215 755 5283 παντὸς
782 5216 1008 5298 ἀγαθοῦ
1037 5219 1217 5284 αἴτιος
1244 5217 1346 5281 ὧν.
1440 5218 1520 5281 In
1564 5218 1998 5305 compendium
2045 5219 2218 5284 rede-

535 5320 651 5405 git,
670 5340 815 5405 quae
836 5317 1134 5405 leguntur
1154 5319 1218 5383 in
1241 5319 1517 5411 Platonis
1541 5320 1787 5385 Timaeo
1817 5345 1880 5409 p.
1902 5340 2002 5407 29.
2031 5347 2091 5410 p.
2116 5342 2213 5408 25.

537 5419 738 5486 Bekk.
769 5422 1042 5506 itemque
1070 5421 1131 5484 in
1157 5423 1323 5508 Rep.
1345 5423 1463 5486 VI.
1495 5445 1560 5509 p.
1576 5442 1723 5507 509.
1755 5447 1821 5511 p.
1840 5443 1985 5508 320.
2016 5425 2214 5490 Bekk.

618 5561 706 5576 —-
742 5540 841 5609 15.
882 5520 920 5603 ἦ
949 5524 1028 5591 ὡς
1054 5528 1240 5604 μονὰς
1268 5524 1362 5588 καὶ
1390 5529 1638 5605 σημεῖον
1660 5527 2027 5607 {vicerat—⁷³7
2048 5528 2217 5612 ψυχὴ

630 5649 818 5702 VOL.
856 5648 986 5700 III·

2330 1018 2653 1099 ἀφαίρεσιν
2681 1017 2798 1082 ἀπὸ
2825 1022 2932 1081 τοῦ
2957 1020 3255 1098 αἰσθητοῦ,
3289 1020 3645 1103 ἐπιφάνειαν
3674 1018 4015 1099 νοήσαντες,
4076 1111 4085 1118 ·

2331 1119 2458 1183 εἶτα
2485 1119 2777 1201 γραμμὴν,
2808 1126 3153 1185 τελευταῖον
3179 1120 3248 1185 τὸ
3279 1128 3543 1203 σημεῖον.

2408 1244 2469 1309 p.
2493 1223 2697 1307 .1398,
2732 1237 2791 1304 7.
2838 1223 2908 1286 οὐ
2947 1227 3027 1310 τῷ
3064 1223 3647 1310 ἀδιεξιτήτφ-ἀλλᾶ
3687 1227 3767 1311 τῷ
3812 1225 4013 1306 ἀπερι-

2323 1317 2583 1411 λήίτιτρ]Ι
2629 1326 2733 1389 Ita
2780 1347 2896 1411 pro
2945 1325 3283 1413 περιλήπτῳ
3329 1326 3711 1391 restituimus
3758 1349 3793 1391 e
3843 1325 4016 1392 libris

2324 1427 2565 1492 nostris.
2658 1426 2831 1492 Vidit
2872 1427 3058 1492 etiam
3108 1427 3384 1516 Taylor:
3440 1428 3679 1493 viderat
3727 1439 3910 1493 antea
3953 1442 4018 1493 et

2322 1529 2675 1595 restituerat
2701 1529 2851 1594 civis
2879 1531 3037 1618 ejus,
3060 1553 3249 1618 quem
3279 1532 3344 1595 in
3370 1529 3649 1595 Platonis
3672 1530 4018 1596 Platonico·

2322 1654 2595 1719 rumque
2633 1632 2842 1699 studio
2877 1633 3300 1699 honestissime
3334 1633 3617 1698 imitatur
3648 1633 4012 1698 Cudworth.

2320 1734 2385 1798 in
2419 1736 2583 1822 Sys't.
2618 1734 2827 1800 Intell.
2866 1738 2942 1800 V’.
2972 1757 3034 1822 3.
3061 1757 3161 1800 11.
3193 1760 3256 1824 p.
3292 1737 3473 1801 1018.
3506 1736 3617 1824 qui
3644 1735 3815 1802 hunc
3848 1736 4014 1801 simi-

2319 1836 2533 1924 lesque
2561 1837 2728 1903 locos
2759 1838 2991 1903 Plotini
3019 1837 3327 1903 adhibuit.
3417 1840 3520 1903 De
3552 1862 3700 1903 voce
3730 1840 4012 1919 ἀδιεξίτη-

2319 1966 2417 2008 τος
2444 1939 2681 2005 dictum
2713 1955 2807 2005 est
2832 1940 2913 2005 ad
2947 1942 3046 2006 11.
3074 1961 3139 2021 4.
3166 1960 3227 2024 7.
3316 1941 3421 2006 Cf.
3445 1943 3562 2006 VI.
3595 1944 3653 2004 6.
3684 1959 3781 2023 17.

2402 2081 2491 2092 —
2525 2064 2626 2129 13.
2671 2048 2766 2109 δεῖ
2794 2047 2907 2123 μὲν
2935 2048 3050 2127 γὰρ
3081 2045 3438 2109 ἱκανώτατον
3466 2043 3744 2109 ἁπάντων
3774 2044 3868 2108 καὶ
3909 2045 4012 2109 αὐ-

2321 2145 2721 2227 ταρκέστατον
2765 2146 2859 2210 καὶ
2902 2146 3367 2211 ἀνενδεέστατον
3410 2146 3586 2230 εἶναι]
3669 2145 3854 2211 Plato
3898 2148 4013 2211 Ti-

2325 2271 2481 2312 maeo
2518 2271 2581 2335 p.
2606 2268 2714 2334 33.
2745 2271 2796 2313 e.
2840 2272 2905 2336 p.
2929 2268 3038 2333 30.
3068 2246 3267 2313 Bekk.
3298 2247 3379 2312 de
3409 2247 3699 2313 Mundo:
3746 2248 4010 2332 ἡγήσατο

2321 2354 2437 2434 γᾶρ
2481 2351 2623 2415 αὐτὸ
2668 2353 2701 2414 ὁ
2746 2352 3027 2430 ξυντιθεὶς
3064 2352 3344 2432 αὔταρκες
3380 2349 3454 2415 ὃν
3490 2352 3734 2430 ἄμεινον
3763 2352 4012 2417 ἔσεσθαι

2319 2459 2555 2534 μᾶλλον
2574 2451 2611 2533 ἢ
2632 2455 2921 2536 προσδεὲς
2940 2455 3164 2517 ἄλλων.
3231 2453 3519 2518 Clemens
3543 2452 3729 2519 Alex.
3755 2454 4008 2541 Paedag.

2325 2557 2419 2620 ΙΙ.
2454 2575 2551 2621 12.
2595 2579 2660 2643 p.
2696 2569 2836 2638 247.
2870 2557 3138 2621 Potter.:
3187 2557 3455 2635 ἱκανότης
3480 2558 3545 2620 δὲ
3575 2557 3691 2636 ἕξις
3720 2558 3887 2621 ἐστὶν
3916 2559 4008 2637 ἐξ-

2324 2658 2631 2737 ικνουμένη
2659 2658 2804 2740 πρὸς
2829 2657 2897 2722 τὸ
2928 2660 3146 2722 οἰκεῖον
3173 2657 3355 2739 πέρας
3384 2660 3718 2726 ἆνελλιπῶς
3745 2661 3842 2723 ’καὶ
3865 2661 4007 2724 ἀπε-

2319 2763 2540 2844 ρι’ττως.
2586 2759 2771 2842 μήτηρ
2816 2763 2881 2824 δὲ
2925 2761 3116 2825 αὐτῶν
3150 2761 3187 2841 ἡ
3226 2762 3585 2841 δικαιοσύνη,
3617 2761 3821 2842 τιθηνὴ
3857 2764 3943 2836 δὲ,
3973 2763 4010 2844 ἡ

2321 2863 2648 2946 αὐτάρκεια.
2697 2864 2839 2942 αὕτη
2876 2867 3024 2946 γοῦν
3060 2888 3154 2928 τοι
3197 2863 3315 2942 ἕξις
3357 2863 3525 2927 ἐστὶν
3562 2863 3890 2945 ἀρκουμένη
3924 2865 4012 2933 οἷς

2320 2970 2426 3040 δεῖ,
2462 2967 2555 3030 καὶ
2599 2964 2669 3030 δι’
2701 2968 2877 3044 αὐτῆς
2912 2964 3219 3046 ποριστικὴ
3258 2970 3375 3029 τῶν
3401 2964 3547 3047 πρὸς
3580 2965 3690 3029 τὸν
3722 2966 4011 3049 μακάρων

2320 3070 2765 3134 συντελούντων
2785 3069 2947 3149 βίον.
2995 3067 3188 3133 Adde
3207 3067 3500 3133 Proclum
3520 3067 3586 3131 in
3607 3069 3768 3133 Inst.
3785 3067 4008 3133 Theol.

2320 3174 2454 3237 IX.
2485 3174 2622 3254 περὶ
2650 3171 2985 3254 αὐτάρκους,
3017 3170 3126 3235 ubi
3160 3171 3320 3236 Boni
3364 3170 3560 3259 ipsius
3602 3172 3904 3236 rationem
3947 3186 4012 3236 et

2310 3280 2416 3340 τοῦ
2457 3274 2791 3358 Αὐτάρκους
2832 3274 2919 3339 ita
2962 3272 3236 3340 declarat
3280 3296 3343 3362 p.
3383 3275 3476 3338 18.
3522 3273 3626 3338 ed.
3658 3285 3878 3339 nostr.:
3929 3277 4007 3341 El

2311 3380 2417 3442 οὐν
2453 3378 2521 3442 τὸ
2563 3380 2843 3460 αὔταρκες
2876 3377 3261 3459 πεπλήρωκεν
3303 3377 3477 3442 ἑαυτὸ
3503 3381 3609 3441 τοῦ
3636 3379 3883 3459 ἀγαθοῦ,
3915 3377 4002 3452 τὸ,

2315 3479 2420 3563 ἀφ’
2451 3481 2522 3545 οὐ
2566 3479 2952 3561 πεπλήρωκεν
2996 3478 3189 3553 ἑαυτὸ,
3221 3485 3483 3561 κρεῖττον
3526 3479 3602 3545 ἂν
3640 3484 3729 3559 εἴη
3758 3484 3865 3544 τοῦ
3900 3481 4003 3544 αὐ-

2313 3583 2574 3665 τάρκους,
2609 3583 2702 3646 καὶ
2733 3584 2880 3660 ὑπὲρ
2910 3581 3274 3663 αὐτάρκειαν·
3325 3583 3420 3645 καὶ
3455 3584 3591 3647 οὔτε
3621 3581 3820 3649 ἐνδεές
3845 3607 4006 3650 τινος

2312 3685 2379 3749 τὸ
2424 3688 2627 3751 ἅπλῶς
2662 3686 2912 3766 ἀγαθόν.
3005 3683 3106 3748 Cf.
3140 3682 3458 3747 Plotinum
3505 3683 3709 3771 ipsum
3754 3706 3816 3770 p.
3846 3702 4003 3769 352.

2310 3810 2398 3873 sq.
2445 3800 2509 3850 et
2554 3784 2941 3874 Simplicium
2991 3784 3056 3848 in
3107 3783 3428 3849 Aristotel.
3476 3785 3701 3871 Physs.
3749 3808 3810 3872 p.
3845 3802 3903 3868 7.
3937 3785 3999 3849 b.

2310 3888 2503 3954 Adde
2544 3888 2751 3953 locum
2797 3886 3039 3953 Eubuli
3083 3910 3271 3974 super
3313 3886 3640 3953 Aristotel.
3672 3886 3864 3952 Polit.
3898 3888 3999 3952 11.

2311 3991 2403 4076 (in
2436 3992 2621 4056 Nova
2651 3990 2907 4078 Scriptt.
2932 3989 3197 4054 Collect.
3217 3990 3363 4054 Vat.
3385 3990 3483 4054 ed.
3505 3992 3677 4076 Ang.
3701 3990 3864 4054 Maii
3893 3992 3998 4056 ΙΙ.

2307 4118 2372 4181 p.
2404 4096 2616 4176 674.):
2666 4095 2852 4158 καίτοι
2884 4092 2939 4177 γ’
2973 4096 3155 4177 ἐχρῆν
3199 4094 3294 4159 καὶ
3335 4098 3441 4157 τοῦ
3483 4095 3552 4158 ἐν
3580 4096 3843 4158 Φαίδωνι
3872 4099 3997 4159 Σω-

2310 4196 2519 4279 κράτου
2561 4196 2961 4279 (Σωκράτους)
3002 4194 3239 4261 ἀκούειν
3279 4203 3545 4277 βοῶντος
3586 4198 3665 4264 ὦς
3707 4195 3796 4279 ἄρ’
3826 4198 3999 4263 οὐδὲν

2307 4302 2487 4366 οὕτως
2515 4298 2639 4364 οἶδε
2673 4303 2912 4363 συνδεῖν
2938 4303 3014 4363 τὰ
3042 4301 3189 4363 ὄντα
3218 4301 3312 4364 καὶ
3340 4299 3619 4383 συνέχειν
3648 4301 3724 4367 ὣς
3753 4300 3821 4364 τὸ
3854 4302 3999 4383 ἀγα-

2308 4400 2434 4475 θὸν,
2466 4401 2686 4469 παντὸς
2708 4400 3043 4469 Ἀτλαντος
3072 4399 3456 4484 ἰσχυρότερον
3485 4401 3558 4466 ὃν
3589 4400 3710 4486 (ὂν)
3746 4406 3831 4471 εἷς
3856 4402 3994 4468 ταύ-

2305 4529 2415 4583 την
2442 4505 2548 4583 τὴν
2577 4502 2823 4584 δύναμιν
2864 4502 3079 4585 (Plato
3111 4503 3416 4567 Phaedon.
3455 4527 3519 4591 p.
3552 4524 3655 4589 99.
3689 4528 3745 4569 c.
3788 4528 3854 4593 p.
3889 4506 3989 4591 89.

2308 4603 2507 4669 Bekk.
2541 4605 2649 4670 ubi
2684 4606 2843 4670 conf.
2872 4604 3345 4693 Wyttenbachii
3373 4622 3582 4672 annot.
3621 4629 3685 4694 p.
3720 4609 3868 4674 262.
3910 4608 3997 4673 cf.

2304 4722 2519 4773 annot.
2553 4723 2758 4771 nostra
2790 4730 2962 4794 supr.
2995 4707 3058 4771 in
3089 4708 3208 4771 VI.
3244 4708 3303 4773 8.
3345 4708 3444 4771 18.
3486 4731 3550 4795 p.
3582 4726 3727 4794 753.
3753 4712 3867 4793 Ε.)
3901 4711 3998 4775 καὶ

2308 4810 2449 4874 αὐτὸ
2477 4809 2545 4873 τὸ
2575 4808 2711 4874 δέον
2740 4812 2909 4877 ὄντος
2933 4809 3222 4893 ὑπάρχον·
3266 4812 3511 4892 ἐπείσθη
3533 4815 3649 4894 γὰρ
3669 4810 3745 4875 ἂν
3772 4811 3999 4881 τούτοις

2309 4911 2612 4991 ἑπόμενος,
2646 4913 2736 4975 ὅτι
2773 4912 2842 4976 τὸ
2873 4911 3338 4993 αὐταρκέστερον
3364 4917 3503 4987 πᾶν,
3535 4916 3674 4978 ὅτου
3703 4916 3808 4978 οὐν
3840 4914 3990 5003 (leg.

2305 5019 2427 5080 πᾶν
2454 5017 2728 5099 ὁτουοῦν)
2758 5015 2976 5094 ἥνωται
3001 5019 3257 5095 μᾶλλον,
3283 5014 3377 5079 καὶ
3408 5016 3476 5079 ἓν
3500 5014 3776 5096 μειζόνως
3805 5018 3988 5093 ἐστὶν,

2303 5121 2504 5201 ὥσπερ
2544 5118 2637 5182 καὶ
2681 5121 2960 5201 αὔταρκες
2998 5117 3291 5199 μειζόνως.
3345 5119 3413 5183 τὸ
3457 5123 3571 5202 γὰρ
3608 5125 3849 5200 μᾶλλον
3885 5128 3991 5187 τοῦ

2303 5221 2654 5289 συνδέοντος
2701 5221 2956 5306 μετέχον
3004 5220 3243 5302 μᾶλλόν
3287 5225 3453 5287 ἐστιν
3503 5223 3591 5287 ἓν.
3653 5223 3720 5288 τὸ
3771 5226 3836 5288 δὲ
3885 5230 3991 5290 τοῦ

2303 5325 2531 5407 ἀγαθοῦ
2571 5329 2809 5403 μᾶλλον
2849 5324 3215 5408 μετειληχὸς,
3247 5329 3353 5388 τοῦ
3393 5329 3631 5389 συνδεῖν
3666 5327 3992 5408 δυναμένου

2304 5429 2400 5489 διὰ
2441 5425 2547 5488 τὸν
2592 5428 2659 5489 ἐν
2687 5427 2947 5491 Φαίδωνι
2978 5424 3170 5508 λόγον
3196 5426 3486 5511 μετέχειν·
3531 5433 3769 5508 μᾶλλον
3811 5431 3879 5495 τὸ
3925 5434 3989 5497 δὲ

2304 5527 2770 5609 αὐταρκέστερον
2816 5534 3055 5608 μᾶλλον
3106 5533 3209 5595 τοῦ
3259 5531 3487 5612 ἀγαθοῦ
3526 5530 3769 5617 μετέχει
3811 5532 3988 5617 (fort.

2472 5639 2517 5704 3
2548 5652 2605 5703 G
