5118 6613
1477 569 1670 634 LIB.
1722 570 1795 633 V.
1841 569 2292 636 ENNEAD.
2337 572 2729 637 PRIMAE.
2773 595 2835 660 p.
2871 574 3141 656 84—86.

620 753 682 806 et
720 738 1069 828 saepissime.
1163 741 1243 803 In
1274 738 1527 826 obliqua
1573 739 1846 806 oratione
1896 740 2013 805 hoc
2061 740 2284 807 imitari

623 842 879 908 Latinos
922 842 1247 930 scriptores
1279 841 1409 928 jam
1445 842 1686 908 monuit
1717 845 1810 908 Η.
1837 843 2188 931 Stephanus
2220 844 2283 908 in

623 945 969 1023 Thesauro,
1020 944 1303 1034 apposito
1357 945 1643 1032 exemplo
1701 945 2066 1010 Horatiano.
2173 948 2283 1011 Tu

619 1048 782 1114 adde
806 1047 940 1113 haec
969 1046 1401 1112 Ciceroniana:
1449 1049 1551 1112 De
1581 1046 1854 1113 Divinat.
1889 1049 1989 1112 ΙΙ.
2019 1067 2125 1135 34.
2154 1049 2282 1114 Di·

621 1153 760 1229 cito,
800 1152 859 1215 si
896 1159 1255 1238 pascuntur
1293 1171 1460 1214 aves.
1537 1150 1720 1214 Idem
1767 1149 1830 1215 in
1877 1150 2135 1238 Topicis
2180 1169 2282 1217 22.

623 1262 667 1293 ‘⁴
697 1252 1032 1332 Quaeritur,
1066 1254 1126 1318 si
1169 1251 1532 1339 expetenda:
1572 1251 1826 1334 divitiae,
1869 1255 1928 1318 si
1986 1252 2285 1340 fugienda

619 1356 1007 1444 paupertas.”

703 1480 769 1546 Ρ.
801 1459 907 1540 84,
934 1477 1028 1523 12.
1063 1459 1157 1522 καὶ
1183 1459 1222 1537 ἡ
1251 1457 1519 1540 ἐνέργεια
1537 1462 1637 1537 τῆς
1652 1459 1820 1542 ζωῆς]
1843 1457 2087 1522 Barth:
2124 1468 2284 1523 “ne-

616 1583 740 1648 que
776 1556 940 1625 enim
985 1559 1048 1624 in
1086 1558 1402 1637 memoria,
1446 1560 1552 1624 sed
1597 1560 1662 1625 in
1706 1560 1929 1625 affectu
1961 1559 2282 1625 Beatitatis

617 1684 856 1728 summa
896 1661 1186 1727 consistit.
1276 1662 1560 1727 Affectus
1596 1677 1805 1726 autem
1843 1662 1908 1726 in
1936 1686 2011 1726 eo
2038 1676 2276 1726 tantum

616 1764 853 1854 positus
880 1764 1363 1853 deprehenditur
1392 1764 1779 1852 (reperitur),
1802 1788 1932 1853 quo
1957 1765 2098 1853 quis
2124 1787 2282 1852 prae-

615 1880 783 1933 sente
809 1866 1063 1943 fruitur,
1101 1885 1163 1932 et
1190 1867 1336 1932 vitae
1371 1866 1530 1932 actio
1567 1867 1723 1932 circa
1752 1868 1916 1933 idem
1944 1868 2279 1932 versatur.”

619 1970 700 2034 In
758 1969 1016 2034 eandem
1083 1984 1351 2035 mentem
1406 1969 1727 2057 Engelh.:
1802 1972 1992 2035 Dicas
2048 1972 2282 2056 Bffo‘r·

612 2073 1074 2138 donaberwnd
1113 2073 1214 2136 die
1260 2073 1640 2161 'fflaetigkeit
1681 2072 1787 2137 des
1831 2072 2063 2138 Lebem
2098 2073 2275 2137 ilber-

611 2174 798 2261 1:329st
858 2176 1055 2239 haben
1107 2174 1213 2239 ilar
1275 2174 1471 2239 reales
1526 2176 1789 2262 Daseyn
1845 2197 1974 2239 nur
2030 2177 2103 2239 in
2165 2175 2278 2239 der

617 2276 991 2367 Gegenwart
1007 2303 1030 2342 .·
1075 2277 1367 2342 nimirum
1414 2276 1522 2356 ita,
1564 2290 1636 2341 ut
1684 2299 1807 2341 non
1859 2275 2276 2364 seivorgamus

612 2394 958 2445 extremum
1007 2380 1356 2446 membrum
1402 2402 1442 2444 a
1489 2378 1819 2468 prioribuS,
1863 2401 2064 2465 neque
2112 2379 2275 2466 cogi-

613 2496 848 2548 temus:
897 2484 991 2547 καὶ
1029 2485 1067 2563 ἡ
1112 2481 1378 2565 ἐνέργειά
1413 2484 1541 2546 ἐστι
1576 2485 1677 2561 τῆς
1701 2485 1865 2561 ζωῆς,
1894 2479 2003 2545 sed
2031 2494 2102 2546 ut
2121 2482 2271 2568 jun—

612 2607 866 2672 gamus:
897 2587 936 2666 ἡ
962 2588 1027 2651 δὲ
1056 2585 1312 2652 διάθεσις
1342 2585 1436 2649 καὶ
1461 2585 1500 2664 ἡ
1529 2582 1798 2665 ἐνέργεια
1823 2587 1923 2663 τῆς
1940 2587 2083 2663 ζωῆς
2111 2586 2274 2648 ἑστιν

612 2689 682 2752 ἐν
707 2692 786 2775 τῷ
811 2695 1102 2771 παρεῖναι.
1145 2689 1360 2752 Recte.

692 2827 780 2842 -
805 2810 908 2877 13.
961 2794 1037 2855 Et
1084 2788 1132 2855 δ’
1185 2790 1276 2854 ’ότι
1326 2788 1954 2877 ἐφιέμεθα-μᾶλλον]
2010 2788 2267 2854 Barth:

635 2900 656 2935 ‘
674 2895 913 2959 Contra
931 2892 981 2957 si
1001 2892 1141 2979 quis
1160 2891 1382 2957 exinde
1409 2891 1576 2978 quod
1611 2890 1754 2956 vitae
1781 2892 2068 2977 beatae(?)
2097 2891 2274 2979 quasi

608 2995 837 3062 futurae
865 3018 1108 3082 semper
1126 2993 1409 3081 quaedam
1438 3015 1578 3082 spes
1597 3004 1781 3082 atque
1800 2995 2169 3081 exspectatio
2181 2995 2269 3078 (Ρ)

609 3121 717 3164 nos
760 3112 948 3178 tenet,
989 3101 1061 3163 in
1077 3098 1325 3184 ficturo
1365 3097 1532 3161 dicat
1572 3117 1708 3161 eam
1748 3097 2004 3175 absolvi,
2034 3117 2147 3160 nos
2185 3095 2271 3161 ita

608 3201 960 3267 sentimus.”
1043 3200 1264 3265 Priora
1288 3198 1466 3264 male.
1541 3201 1765 3285 Neque
1806 3197 1972 3264 ullus
2010 3197 2166 3263 liber
2191 3197 2270 3263 is-

607 3303 730 3371 tius
777 3303 948 3370 modi
991 3302 1352 3369 sententiam
1399 3302 1752 3367 confirmat:
1802 3300 1917 3366 hoc
1964 3300 2270 3390 posterius

604 3407 686 3473 ad
728 3428 977 3472 sensum
1013 3404 1250 3470 melius.
1337 3405 1525 3483 Nam,
1555 3418 1719 3469 recte
1744 3395 2109 3471 admonente
2137 3406 2269 3469 En-

603 3508 950 3598 gelhardto,
980 3507 1092 3596 qui
1135 3522 1337 3573 tamen
1381 3506 1778 3572 Barthianam
1821 3506 2270 3595 interpretatio-

602 3635 744 3678 nem
786 3611 1051 3700 ignorat,
1088 3608 1244 3675 illud
1293 3609 1608 3694 τυγχάνειν
1649 3608 1878 3675 Plotini
1913 3609 2268 3697 adjunctam

602 3715 788 3782 habet
815 3713 941 3780 vim
970 3715 1281 3803 temporis,
1302 3713 1804 3777 continuationis.
1870 3713 2077 3799 Negat
2104 3710 2264 3777 enim

604 3816 883 3884 Plotinus
899 3818 1064 3904 fieri
1109 3815 1359 3880 beatum
1401 3814 1602 3879 virum
1644 3814 1945 3902 probum:
1991 3814 2100 3892 ait,
2136 3835 2265 3879 esse

601 3920 871 3986 beatum.

680 4060 770 4073 —
793 4024 891 4087 16.
918 4021 1120 4086 ἔπειτα
1148 4021 1243 4086 καὶ
1261 4022 1320 4085 οἶ
1339 4018 1827 4085 θεοὶ-οὗδέποτε
1853 4016 2088 4105 τέλεον]
2119 4020 2264 4084 Hoc

598 4125 734 4213 ipso
769 4123 1117 4190 discrimine
1150 4123 1406 4188 deorum
1448 4136 1513 4188 et
1548 4121 1869 4187 hominum
1907 4120 2260 4187 beatitatem

597 4227 1017 4315 distinguebat
1060 4225 1395 4314 Epicurus.
1467 4223 1656 4313 Diog.
1713 4224 1927 4289 Laert.
1979 4224 2072 4289 X.
2120 4241 2258 4290 121.

594 4330 707 4410 *ἣν
745 4330 1114 4410 εὐδαιμονίαν
1150 4332 1283 4412 διχῆ
1328 4332 1613 4406 νοεῖσθαι,
1657 4324 1764 4407 τήν
1803 4352 1871 4391 τε
1916 4325 2259 4408 ἀκροτάτην,

3939 595 4019 662 33

2367 743 2626 809 Barthio
2653 744 2971 832 placuerit,
3001 745 3259 811 vixdum
3288 755 3584 833 exputes;
3632 744 3788 810 adeo
3822 744 3924 810 ille
3962 760 4026 811 et

2365 846 2532 910 hunc
2559 846 2761 911 locum
2791 864 2853 912 et
2882 848 3165 931 proxima
3189 847 3399 913 multis
3428 847 3629 912 verbis
3654 848 4022 913 obscuravit.

2370 948 2491 1013 Sed
2518 949 2724 1037 ipsum
2754 949 2956 1013 virum
2985 972 3281 1037 magnum
3309 973 3430 1014 non
3460 948 3724 1015 multum
3753 950 4024 1015 tribuere

2365 1050 2634 1116 vidimus
2659 1051 2804 1116 huic
2832 1051 3225 1117 translationi.

2450 1177 2514 1241 p.
2549 1154 2652 1239 85,
2680 1167 2741 1239 5.
2773 1154 2840 1218 τὸ
2872 1156 3080 1237 ἑφεξῆς
3109 1155 3297 1240 θέλει]
3330 1155 3420 1220 Η.
3447 1154 3488 1220 l.
3519 1153 3797 1220 Plotinus
3822 1177 3858 1218 e
3887 1153 4027 1218 Pla-

2366 1255 2524 1320 tonis
2573 1256 2667 1321 sui
2708 1256 2988 1321 convivio
3027 1255 3328 1321 ferculum
3371 1256 3640 1323 abstulit.
3735 1259 3839 1322 Ita
3863 1256 4028 1321 enim

2363 1357 2487 1423 illic
2507 1360 2816 1423 Socrates:
2849 1382 2912 1446 p.
2939 1377 3081 1424 200.
3103 1383 3167 1448 p.
3192 1378 3337 1446 423.
3361 1358 3628 1424 Bekkeri
3646 1362 3892 1427 ε-ἴσως
3912 1363 4026 1443 γὰρ

2366 1462 2440 1525 ἄν
2468 1487 2553 1527 τις
2579 1467 2759 1526 ταῦτα
2786 1463 3004 1542 οἰηθείη
3035 1462 3129 1526 καὶ
3155 1462 3346 1526 πάντα
3382 1465 3457 1526 τὰ
3483 1466 3739 1542 τοιαῦτα,
3764 1462 3898 1529 τοὺς
3923 1464 4022 1526 ὅν-

2365 1588 2467 1631 τας
2512 1589 2580 1627 τε
2626 1564 2918 1631 τοιούτους
2962 1564 3055 1627 καὶ
3101 1564 3345 1647 ἔχοντας
3388 1568 3567 1628 ταῦτα
3610 1565 3829 1628 τούτων
3876 1564 4025 1647 ἅπερ

2367 1666 2572 1749 ἔχουσι
2602 1666 2696 1730 καὶ
2718 1668 3383 1746 ἐπιθυμεῖν.-είποιμεν
3408 1668 3518 1745 μὲν
3534 1664 3610 1730 ἀν
3632 1667 3783 1753 αὐτῷ
3805 1667 3896 1731 ’ότι
3915 1667 4019 1741 Σὺ,

2364 1765 2410 1831 ὦ
2437 1770 2724 1850 ἄνθρωπε,
2743 1772 3000 1832 πλοῦτον
3022 1767 3363 1848 κεκτημένος
3379 1770 3473 1833 καὶ
3492 1771 3718 1852 ὑγίειαν
3739 1771 3834 1834 καὶ
3850 1768 4024 1853 ἰσχὺν

2360 1871 2572 1950 βούλει
2615 1872 2707 1935 καὶ
2753 1873 2833 1938 εἷς
2869 1870 2972 1934 τὸν
3001 1870 3202 1934 ἔπειτα
3236 1873 3455 1954 χρόνον
3482 1875 3663 1936 ταῦτα
3692 1876 4018 1952 κεκτῆσθαι,

2362 1973 2490 2035 ἐπεὶ
2536 1974 2604 2036 έν
2649 1977 2802 2060 τῷγε
2846 1977 2952 2038 νῦν
2995 1975 3257 2055 παρόντι,
3311 1977 3429 2038 εἴτε
3484 1976 3695 2053 βούλει
3749 1978 3866 2039 εἴτε
3918 1974 4020 2054 μὴ,

2361 2071 2535 2157 ἔχεις.

2422 2196 2579 2258 -9.
2601 2175 2802 2239 εῖ-τὸ
2822 2175 3246 2257 ἀκριβέστατον
3264 2175 3410 2264 εἶδε]
3431 2176 3674 2241 Barth.:
3699 2176 4020 2265 “AEdepol

2359 2275 2410 2340 si
2456 2288 2702 2364 tempus
2749 2275 2905 2341 illud
2947 2276 3301 2341 diuturnius
3341 2277 3458 2365 ipsi
3492 2278 3704 2343 datum
3749 2296 3863 2357 est,
3891 2303 4020 2366 quo

2357 2400 2475 2465 pro
2492 2394 2639 2444 voto
2660 2402 2773 2443 suo
2792 2393 3188 2466 conspectum
3208 2379 3582 2444 exactionem
3605 2380 3841 2446 habuit.
3863 2383 4018 2446 oet-‘¹'

2357 2479 2627 2567 Engelh.
2667 2482 2930 2545 Wenner
2955 2484 3027 2545 in
3067 2482 3179 2545 der
3203 2482 3468 2571 laengem
3503 2485 3626 2547 zeit
3665 2493 3851 2549 etwas
3881 2485 4016 2548 kk»-

2354 2604 2524 2648 reres
2564 2584 2699 2647 und
2733 2584 3157 2649 Deutlicloeres
3200 2584 3467 2672 genehen
3507 2585 3617 2650 hat
3655 2599 3774 2650 cet.
3827 2586 4016 2664 Quod

2355 2699 2682 2773 propterea
2721 2686 3021 2750 monitum
3066 2686 3230 2764 volo,
3271 2685 3562 2773 quoniam
3608 2687 3805 2752 Ficini
3851 2703 4018 2753 tran·

2356 2786 2531 2853 slatio
2557 2788 2850 2877 ambigua
2876 2800 2988 2853 est.

2437 2925 2520 2938 —
2545 2911 2648 2977 13.
2680 2892 2786 2972 τὴν
2815 2891 3115 2975 ἐνέργειαν
3142 2890 3249 2971 τὴν
3275 2892 3728 2976 ἀνεμπόδιστον]
3762 2894 3853 2957 Et
3881 2893 3936 2957 F
3938 2892 4014 2959 ic.

2354 3006 2418 3057 et
2439 2993 2656 3059 Barth.
2683 3008 2958 3059 vertunt:
2992 2992 3347 3059 “actionem
3376 2995 3810 3082 intelligentia?
3832 3019 4019 3084 expe-

2354 3095 2608 3175 ditam,”
2635 3096 2917 3162 videlicet
2946 3109 3016 3160 ut
3043 3096 3210 3161 hunc
3249 3096 3452 3161 locum
3493 3095 3573 3160 ad
3605 3096 4014 3164 Plotinianam

2353 3198 2432 3264 de
2457 3199 2839 3265 beatitudine
2860 3198 3218 3264 sententiam
3241 3198 3847 3264 accommodatiorem
3876 3200 4015 3265 red-

2351 3300 2503 3369 dant
2529 3318 2592 3368 et
2620 3302 2814 3392 magis
2851 3301 3264 3391 perspicuum.
3356 3302 3556 3380 Quam
3600 3300 3793 3389 ipsam
3828 3304 4014 3369 beati-

2351 3406 2626 3471 tudinem
2651 3405 2786 3489 (τὴν
2814 3406 3209 3488 εὐδαιμονίαν)
3228 3403 3292 3469 h.
3313 3402 3355 3469 l.
3382 3419 3663 3470 accurate
3690 3404 4015 3494 distinguit

2349 3530 2388 3572 a
2413 3507 2734 3595 voluptate
2763 3508 2859 3592 (τῇ
2886 3509 3120 3592 ἡδονῇ).

2431 3649 2521 3662 -
2547 3626 2645 3696 15.
2677 3610 2896 3699 πλέον]
2943 3611 3233 3674 Formam
3275 3613 3487 3674 πλεῖον
3528 3608 3906 3675 substantive
3947 3626 4010 3677 et

2347 3712 2669 3801 adjective,
2699 3712 2886 3777 πλέον
2912 3709 3339 3776 adverbialiter
3367 3725 3440 3775 ut
3466 3709 3802 3798 plurimum
3834 3734 4011 3777 usur-

2349 3815 2485 3903 pari
2525 3815 2664 3881 vult
2715 3816 2943 3879 Coraes
2982 3812 3063 3877 ad
3105 3810 3428 3877 Heliodori
3468 3811 3748 3902 AEthiop.
3778 3816 3872 3880 VI
3919 3838 4003 3904 .p.

2355 3917 2494 4004 198.
3887 3951 3910 3982 ·.

2431 4042 2495 4108 p.
2527 4020 2632 4098 86,
2663 4018 2724 4083 6.
2753 4021 3132 4082 πλεονεκτεῖν
3174 4015 3379 4086 αὐτοὺς
3418 4022 3498 4105 τῷ
3541 4020 3812 4104 παρόντι]
3847 4022 4008 4087 Haec

2346 4123 2481 4211 ejus
2506 4120 2681 4186 verbi
2707 4118 3076 4185 constructio
3102 4118 3295 4183 rarior
3319 4133 3383 4184 et
3409 4119 3664 4185 fortasse
3699 4122 4005 4211 antiquio-

2344 4224 2517 4291 ribus
2585 4221 2885 4288 inaudita.
2972 4220 3232 4286 Paullus
3278 4221 3623 4310 Apostolus
3689 4223 4010 4312 aliquoties

2347 4340 2628 4415 usurpat,
2657 4324 2766 4390 sed
2802 4324 3045 4389 diverso
3075 4338 3275 4389 tamen
3319 4323 3686 4411 significatu,
3715 4327 4007 4394 nimirum

596 4433 694 4498 οἵα
736 4433 866 4497 ἐστὶ
903 4433 1038 4514 περὶ
1078 4430 1182 4496 τὸν
1211 4431 1371 4510 θεὸν,
1402 4430 1671 4495 ἐπίτασιν
1702 4428 1828 4511 (καὶ
1856 4428 2061 4493 ἄνεσιν
2087 4428 2263 4495 addit
2316 4430 2627 4517 fillendi,
2640 4427 2958 4516 fraudem
2967 4427 3288 4515 faciendi.
3361 4426 3504 4492 Vid.
3546 4428 3711 4494 Bud.
3762 4432 4002 4496 Comm.

596 4533 984 4618 Gassendus)
1045 4533 1150 4597 οὐκ
1207 4534 1487 4617 ἔχουσαν·
1554 4533 1649 4596 καὶ
1704 4530 1811 4611 τὴν
1866 4532 2256 4613 ἀνθρωπίνην,

596 4638 858 4721 ἔχουσαν
884 4636 1220 4718 προσθήκην
1250 4636 1344 4699 καὶ
1372 4636 1689 4718 ἀφαίρεσιν
1708 4635 1952 4715 ἡδονῶν.
1999 4640 2042 4673 “
2056 4633 2261 4699 Beati·

595 4739 873 4805 tudinem
898 4736 1180 4803 bifariam
1202 4735 1495 4825 intelligi:
1528 4759 1876 4825 supremam
1905 4735 2094 4817 illam,
2116 4758 2259 4823 quae

2342 4532 2424 4597 L.
2460 4534 2579 4598 Gr.
2609 4555 2673 4621 p.
2705 4529 2849 4616 838.
2882 4541 2944 4594 et
2974 4528 3291 4594 Schleusn.
3325 4529 3483 4595 Lex.
3519 4531 3606 4595 N.
3621 4531 3699 4596 T.
3731 4531 3794 4596 in
3822 4543 4002 4600 πλεο-

2343 4640 2587 4700 νεκτεῖν.
2661 4634 2783 4699 Est
2810 4646 3015 4697 tamen
3040 4645 3104 4696 et
3133 4630 3241 4696 ubi
3265 4633 3610 4719 superandi
3637 4633 3719 4713 vi,
3749 4650 3823 4701 ut
3849 4636 3914 4702 h.
3934 4637 4002 4714 l.,

2341 4735 2755 4803 accusativum
2799 4732 3102 4811 adsciscit,
3131 4756 3191 4799 ν.
3230 4756 3279 4799 c.
3329 4734 3500 4821 apud
3541 4734 3860 4803 Heliodor.
3899 4740 3999 4806 11.

592 4842 1036 4909 incrementum
1064 4862 1191 4905 non
1209 4839 1495 4905 admittat
1518 4840 1658 4922 (nec
1685 4838 2177 4923 detrimentum),
2195 4853 2259 4903 et
2339 4858 2447 4923 44.
2476 4861 2538 4927 p.
2568 4858 2706 4925 103.
2740 4835 2966 4903 Coraii.
2994 4837 3032 4916 ἡ
3059 4838 3125 4901 δὲ
3152 4840 3259 4902 νῦν
3286 4838 3499 4918 θεωρία
3538 4838 3633 4903 καὶ
3659 4847 4010 4909 πλεονεκτεῖ

591 4945 948 5023 humanam,
978 4966 1122 5030 quoe
1148 4956 1212 5007 et
1238 4941 1638 5029 adjectionem
1669 4940 1892 5005 habeat
1919 4953 1982 5004 et
2008 4939 2262 5005 ablatio-

593 5070 733 5113 nem
761 5046 1215 5134 voluptatum.”
1287 5044 1390 5109 Cf.
1418 5043 1560 5108 infr.
1596 5044 1829 5121 Quaest.
1863 5043 2022 5108 VII.
2052 5064 2116 5130 p.
2149 5058 2253 5130 45.

593 5151 670 5216 A.
702 5149 811 5216 ubi
838 5148 1242 5237 philosophus
1269 5160 1475 5211 noster
1502 5145 1582 5210 de
1612 5144 1904 5211 beatitate
1946 5143 2253 5211 similiter:

590 5254 696 5319 οὐκ
723 5254 838 5335 ἄρα
865 5249 1180 5335 ἀριθμητέα
1205 5250 1402 5335 χρόνῳ
1442 5245 1576 5313 ἀλλ’
1609 5250 1791 5313 αἰῶνι.
1821 5247 1902 5312 ad
1945 5270 2132 5335 quem
2172 5247 2262 5313 lo-

588 5377 733 5421 cum
774 5352 963 5442 plura
1006 5352 1335 5418 conferam.
1426 5349 1717 5416 Proxime
1764 5349 1846 5414 ad
1895 5350 2256 5416 sententiam

2341 4945 2445 5011 τὰς
2484 4943 2694 5016 ἄλλας,
2729 4939 2835 5005 ubi
2865 4939 3053 5003 miror
3084 4938 3166 5003 ab
3201 4938 3435 5004 editore
3465 4938 3618 5004 nihil
3646 4964 3775 5007 esse
3801 4945 4001 5009 moni-

2341 5056 2516 5119 tum:
2564 5065 2766 5130 neque
2806 5040 3002 5129 magis
3039 5039 3122 5106 ad
3158 5040 3359 5106 locum
3391 5040 3712 5108 Plutarchi
3737 5045 3801 5109 in
3829 5048 4004 5112 Mar-

2340 5144 2495 5211 cello
2537 5168 2602 5234 p.
2653 5161 2799 5231 279.
2857 5142 3146 5208 Francos.
3197 5165 3266 5231 Ρ.
3312 5145 3461 5224 466.
3515 5144 3728 5212 Reisk.
3782 5148 4003 5215 milites

2343 5247 2624 5313 Marcelli
2667 5246 3120 5329 διεστρατήγουν
3167 5248 3286 5311 ὅσα
3327 5248 3824 5330 πλεονεκτήσουσι
3869 5254 4002 5321 τοὺς

2340 5352 2678 5430 πολεμίους,
2734 5363 3116 5437 quantopere
3183 5348 3599 5436 praecellerent
3653 5351 3856 5416 hostes
3915 5357 3998 5436 (s.

590 5455 744 5522 nihil
789 5477 1163 5544 magnopere
1209 5453 1439 5532 differt,
1482 5464 1696 5519 utrum
1738 5456 1928 5531 τεῧξιν
1955 5451 2143 5540 legas,
2173 5475 2255 5518 an
2334 5467 2603 5539 quantas
2627 5451 2701 5517 iis
2726 5449 3220 5541 opportunitates
3247 5466 3446 5516 essent
3471 5453 3853 5539 praerepturi.
3913 5455 3999 5520 Il..

589 5562 695 5624 τοῦ
743 5557 895 5624 εἶναι
946 5558 1090 5637 ἕξιν,
1131 5555 1452 5644 judicante
1507 5554 1693 5623 etiam
1739 5553 2012 5642 Engelh.
2084 5555 2252 5633 Quid
2336 5554 2447 5621 lud
2473 5553 2798 5619 discrimen
2825 5553 3031 5642 attigit
3061 5552 3284 5619 Suidas
3314 5553 3454 5620 111.
3476 5576 3543 5642 p.
3567 5554 3705 5621 128.
3741 5556 3996 5625 Kuster.

688 5665 873 5727 vol..
910 5664 1033 5720 111.

2460 5663 2509 5715 10
