5118 6613
1397 532 1593 597 LIB.
1641 532 1754 596 VI.
1799 531 2249 598 ENNEAD.
2297 529 2687 597 PRIMAE.
2730 554 2795 619 p.
2833 531 3183 598 108-110,

3909 554 3993 625 53

657 731 723 795 p.
751 725 898 786 110,
928 726 981 770 1.
1010 708 1069 770 εἴ
1091 731 1178 772 τις
1203 706 1310 770 οὖν
1336 704 1492 769 εἶδεν
1520 703 1681 778 αὐτὸ,
1711 702 1892 788 οἶδεν]
1935 710 1979 742 “
2004 702 2070 768 Si
2108 702 2249 789 quis
2332 726 2474 768 vere
2501 702 2749 769 videtur
2774 702 2929 768 alius
2954 702 3125 770 locus
3153 704 3366 770 Nostri
3392 729 3458 794 p.
3490 716 3634 790 770.
3705 706 3829 773 Sed
3854 707 3996 775 licet

575 833 722 876 vero
764 810 949 888 vidit,
991 810 1225 873 novitff'
1292 808 1393 871 Ita
1442 829 1608 870 nunc
1653 805 2040 870 scribendum
2089 804 2244 870 duxi

575 911 848 1000 primum
895 926 1237 975 commotus
1281 906 1643 972 auctoritate
1686 905 2122 994 plerorumque
2167 905 2240 969 li-

576 1014 830 1080 brorum
854 1026 1224 1088 nostrorum,
1245 1009 1467 1075 deinde
1488 1008 1658 1096 quod
1679 1008 1962 1074 Plotinus
1982 1010 2044 1073 in
2075 1032 2245 1096 spec-

579 1116 769 1183 tanda
795 1113 1211 1203 pulcritudine
1238 1112 1567 1200 plurimam
1596 1111 1719 1176 vim
1753 1111 1948 1176 inesse
1974 1111 2151 1176 docet
2181 1124 2245 1177 et

578 1219 645 1284 in
670 1216 1169 1284 antecedentibus
1196 1238 1260 1302 p.
1285 1229 1390 1300 53.
1412 1216 1486 1280 C.
1510 1215 1646 1302 jam
1674 1214 1934 1292 dixerat,
1966 1213 2074 1301 qui
2107 1213 2245 1302 pul-

577 1343 751 1389 crum
789 1343 915 1384 non
951 1318 1197 1397 viderit,
1235 1339 1377 1382 eum
1428 1317 1508 1381 de
1544 1340 1619 1381 eo
1661 1316 1834 1404 loqui
1879 1338 2002 1381 non
2043 1340 2240 1405 posse,

577 1440 710 1490 tum
739 1422 911 1510 quod
938 1445 1004 1509 p.
1031 1423 1135 1506 56.
1170 1423 1254 1485 A.
1287 1420 1449 1484 idem
1478 1420 1722 1507 repetit,
1751 1423 1921 1483 τοῦτο
1951 1420 2055 1484 οὖν
2085 1422 2244 1489 εἴτις

577 1531 707 1593 ἴδοι.
785 1527 889 1590 Ita
908 1522 1339 1611 corrigendum
1370 1545 1499 1586 esse
1525 1521 1707 1587 etiam
1737 1519 2042 1586 Rinckius
2068 1545 2242 1586 meus

576 1628 724 1693 mihi
751 1627 1073 1716 persuasit.
1147 1627 1462 1690 Caeterum
1489 1623 1568 1688 de
1595 1622 1691 1688 his
1718 1623 1930 1688 formis
1961 1623 2132 1699 εἶδεν,
2158 1624 2240 1688 οἶ-

576 1737 675 1797 δεν
703 1731 829 1795 vid.
863 1727 1138 1817 Etymol.
1171 1729 1270 1793 M.
1304 1750 1365 1815 p.
1403 1729 1546 1812 296.
1597 1726 1770 1814 sylb.
1813 1740 1876 1790 et
1904 1726 2233 1814 Wyttenb.

574 1834 655 1905 ad
684 1832 1001 1899 Posidonii
1027 1829 1347 1917 Reliquias
1373 1853 1436 1917 p.
1474 1846 1615 1912 277.

660 1937 743 2001 ib.
778 1935 1113 2019 {spernit—»ri
1136 1934 1340 2016 ἔφεσις
1358 1933 1501 2015 πρὸς
1521 1931 1720 2016 τοῦτο]
1748 1929 1976 1996 Plotin.
2003 1954 2065 2019 p.
2088 1951 2122 2014 7
2137 1949 2231 1997 12.

576 2042 662 2105 A.
694 2039 836 2104 infr.
873 2035 1004 2120 Ἀρ’
1046 2038 1151 2101 οὖν
1197 2034 1412 2118 ἐφετὸν
1459 2034 1527 2099 τὸ
1572 2033 1799 2115 ἀγαθὸν
1844 2033 2116 2118 φήσομεν
2152 2033 2232 2098 cf.

577 2160 720 2228 714.
751 2143 839 2206 A.
887 2139 1147 2226 Dionys.
1181 2139 1405 2224 Areop.
1437 2136 1518 2201 de
1545 2135 1801 2201 Divinn.
1829 2159 2057 2201 nomm.
2077 2155 2140 2216 4.
2168 2154 2231 2223 p.

572 2251 718 2331 567.
767 2246 938 2309 Fons
963 2241 1027 2305 in
1057 2239 1335 2305 Platone.
1389 2238 1679 2304 Hermias
1707 2238 1771 2302 in
1802 2237 2139 2302 Phaedrum
2168 2260 2231 2324 p.

582 2368 718 2412 111.
753 2350 816 2412 αἱ
842 2351 993 2410 θεῖαι
1019 2340 1603 2427 ψυχαὶ-ἐφιέμενοι
1643 2345 1748 2405 τοῦ
1775 2342 1934 2404 θείου
1964 2339 2232 2407 κάλλους.

576 2447 833 2516 Proclus
877 2448 1033 2511 Inst.
1065 2444 1281 2510 Theol.
1314 2468 1367 2509 c.
1405 2445 1462 2508 8.
1542 2442 1721 2506 Idem
1769 2441 1833 2505 in
1877 2441 2024 2506 Alc.
2066 2442 2121 2506 1.
2168 2465 2231 2529 p.

574 2553 721 2639 328.
754 2552 901 2638 336.
934 2548 1033 2613 ed.
1072 2558 1262 2612 nostr.
1310 2544 1667 2633 Olympiod.
1713 2544 1797 2609 ib.
1829 2566 1893 2632 p.
1923 2559 2059 2626 117.
2093 2562 2230 2609 121.

576 2655 683 2720 ubi
709 2654 799 2719 ita
835 2649 1213 2717 concludunt
1239 2649 1305 2713 hi
1347 2649 1709 2735 interpretes
1739 2645 2050 2711 Platonis:
2100 2653 2143 2684 “
2170 2645 2234 2710 Si

570 2757 763 2846 igitur
787 2778 969 2821 omne
1008 2755 1240 2819 bonum
1275 2765 1368 2816 est
1395 2749 1745 2839 appetibile,
1774 2771 1955 2813 omne
1996 2747 2232 2836 appeti-

573 2860 693 2926 bile
719 2857 1000 2936 amabile,
1025 2878 1206 2920 omne
1233 2853 1492 2919 amabile
1516 2866 1723 2917 autem
1745 2850 2064 2938 pulcrum:
2095 2872 2237 2914 con-

572 2976 897 3050 sequenter
950 2981 1131 3025 omne
1199 2956 1484 3044 pulcrum
1541 2969 1634 3019 est
1690 2954 1982 3018 bonum.”
2071 2954 2233 3017 Cum

572 3065 856 3130 univemo
910 3077 1117 3127 autem
1179 3059 1314 3124 loco
1369 3072 1579 3123 nostro
1634 3054 2092 3143 componendus
2142 3070 2235 3119 est

571 3167 723 3233 alter
764 3164 1169 3243 Plotinianus,
1214 3163 1288 3226 de
1328 3161 1659 3248 inteuigib.
1690 3160 1949 3247 pulerit.
1990 3180 2053 3245 p.
2083 3176 2230 3242 551.

650 3391 820 3438 -2.
850 3375 1033 3450 τεΰξις
1076 3371 1141 3433 δὲ
1188 3367 1392 3455 αὐτοῦ]
1441 3364 1582 3429 Vid.
1638 3388 1806 3452 supr.
1856 3365 1913 3428 Ι.
1956 3383 2019 3449 5.
2066 3381 2122 3429 2.
2172 3376 2235 3426 et

566 3499 711 3565 quoe
738 3474 824 3540 ibi
852 3471 1113 3561 apposui
1138 3469 1219 3534 ad
1248 3492 1311 3556 p.
1341 3488 1447 3554 43.

651 3616 739 3628 —
756 3597 818 3664 3.
842 3575 936 3641 καὶ
960 3571 1374 3652 ἀποδυομένοις
1394 3569 1795 3657 ἠμφιέσμεθα]
1824 3566 2007 3633 Plato
2029 3567 2225 3654 Gorg.

567 3704 629 3770 p.
661 3698 808 3766 523.
854 3678 1073 3742 πολλοὶ
1113 3676 1498 3757 οὗν-ψυχὰς
1541 3675 1797 3754 πονηρὰς
1843 3671 2080 3754 ἔχοντες
2120 3669 2227 3748 ἠμ-

567 3782 879 3868 φιεσμένοι
920 3780 1037 3844 εἰσὶ
1078 3777 1557 3858 σώματα-καλὰ
1597 3802 1652 3839 κ.
1676 3800 1728 3839 τ.
1751 3782 1811 3837 λ.
1882 3773 1984 3837 De
2011 3770 2231 3836 tralato

566 3911 686 3951 usu
750 3883 919 3950 vocis
988 3883 1171 3966 χιτὼν
1241 3877 1652 3964 similiumque
1709 3874 1835 3940 vid.
1894 3873 2225 3961 Wyttenb.

567 3988 770 4077 Epist.
804 3985 962 4051 Crit.
992 4008 1056 4072 p.
1086 4003 1191 4067 49.
1226 4004 1316 4068 sq.
1374 3981 1604 4043 Nostro
1628 4000 1773 4042 cum
1801 3976 1935 4042 loco
1962 3998 2225 4063 congru·

566 4107 683 4156 unt
725 4087 1034 4176 Porphyr.
1081 4084 1160 4149 de
1202 4082 1443 4148 Abstin.
1496 4083 1551 4147 1.
1598 4100 1702 4166 31.
1748 4102 1812 4166 p.
1858 4094 1963 4165 52.
1998 4077 2224 4142 Rhoer.

567 4191 824 4258 Procius
862 4190 926 4254 in
958 4190 1114 4253 Inst.
1150 4184 1372 4250 Theol.
1408 4185 1467 4268 ξ.
1504 4184 1644 4248 208.
1677 4205 1740 4269 p.
1771 4199 1916 4266 312.
1961 4180 2069 4245 ubi
2096 4179 2223 4245 vid.

565 4298 805 4360 Annot.
848 4305 1039 4357 nostr.
1086 4288 1320 4354 Justin.
1365 4289 1632 4373 Mai-tyr.
1673 4282 1838 4349 Dial.
1882 4306 2025 4349 cum
2057 4285 2224 4371 Try-

561 4398 766 4486 phone
795 4418 860 4483 p.
891 4395 1036 4480 385.

644 4499 729 4565 ib.
760 4496 1153 4581 ἦμφιέσμεθα·
1200 4494 1328 4557 οἷον
1361 4491 1456 4556 ἐπὶ
1497 4493 1571 4555 τὸ
1612 4488 1932 4572 ἅγια-καὶ
1969 4488 2037 4552 τὸ
2076 4514 2221 4571 γυμ-

562 4609 685 4670 νοῖς
712 4599 969 4687 ἀνιέναι]
997 4597 1175 4662 Licet
1192 4595 1258 4659 in
1279 4592 1526 4658 Plotino
1551 4614 1674 4656 non
1700 4589 1964 4656 insolens
1986 4590 2063 4655 sit
2083 4613 2225 4655 con-

558 4704 722 4769 fusio
750 4700 1167 4766 membrorum
1193 4695 1515 4762 orationis:
1547 4707 1749 4758 tamen
1773 4692 1834 4757 h.
1862 4692 1900 4757 l.
1921 4691 2225 4757 Rinckius

557 4807 714 4872 bene
766 4804 941 4882 vidit,
985 4797 1421 4867 constructioni
1444 4794 1701 4861 consuli
1756 4794 1845 4859 ita
1898 4817 2097 4882 posse,
2152 4807 2224 4859 ut

554 4909 735 4974 colon
762 4919 1099 4995 reponatur
1134 4925 1251 4990 pro
1280 4914 1580 4965 commate
1606 4909 1750 4962 ante
1777 4897 1907 4976 ἕως,
1940 4909 2012 4960 ut
2035 4896 2224 4961 verba

554 5013 687 5076 οἷον
730 5009 957 5074 ἀνιέναι
998 5030 1113 5095 pro
1154 5001 1503 5093 parenthesi
1545 5000 1905 5066 habeantur.
1996 5000 2223 5087 Itaque

641 5234 811 5296 -4,
844 5213 942 5277 ἐπὶ
968 5215 1042 5275 τὰ
1069 5210 1210 5293 ἅγια
1235 5213 1352 5272 τῶν
1381 5208 1550 5288 ἱερῶν
1575 5211 1696 5273 τοῖς
1725 5204 1984 5292 ἀνιοῦσι]
2017 5203 2121 5268 Cf.
2151 5225 2216 5291 p.

550 5317 660 5403 56.
690 5340 748 5381 e.
799 5315 969 5380 ἔνδον
998 5315 1064 5378 ἐν
1094 5313 1283 5395 ἁγίοις
1322 5312 1494 5391 ἱεροῖς
1533 5306 1733 5388 μένον.
1805 5305 1994 5371 Unde
2035 5305 2217 5370 etiam

549 5432 768 5484 nostro
793 5416 932 5482 loco
952 5414 1204 5480 Ficinus
1231 5410 1449 5476 vertit:
1494 5411 1567 5474 in
1608 5418 1826 5475 sancta
1864 5417 2219 5473 sanctorum

538 5529 857 5610 penetrat.
949 5516 1073 5583 Cui
1112 5511 1598 5601 interpretationi
1634 5509 2092 5599 quodammodo
2129 5510 2218 5576 fa-

2329 805 2409 870 de
2449 805 2679 892 templo
2725 806 3004 894 accipias,
3047 806 3380 872 necessario
3420 823 3624 873 tamen
3667 810 3996 896 cogitanda

2328 922 2472 973 sunt
2491 923 2701 973 nostro
2722 909 2853 974 loco
2873 932 3043 974 sacra
3062 932 3283 975 arcana
3303 910 3429 974 sive
3452 911 3727 997 mystica.
3779 914 3995 1000 Atque

2326 1034 2466 1076 cum
2514 1010 2796 1076 Plotinus
2839 1011 3114 1099 posuerit
3165 1014 3260 1076 ἐπὶ
3303 1016 3377 1077 τᾶ
3422 1013 3581 1095 ἅγια,
3626 1036 3751 1079 non
3797 1017 3880 1083 εἰς
3920 1019 3995 1081 τὰ

2327 1113 2484 1196 ἅγια,
2515 1113 2853 1179 consultius
2880 1113 3145 1192 videtur,
3175 1112 3378 1179 locum
3406 1114 3599 1202 accipi
3641 1115 3720 1181 de
3761 1117 3991 1183 sacrifl-

2328 1215 2434 1279 ciis
2460 1215 2713 1280 arcanis.
2803 1218 2849 1281 J
2851 1239 2952 1280 am
2982 1216 3032 1281 si
3059 1216 3199 1303 quis
3234 1216 3504 1305 objiciat,
3533 1230 3677 1283 ante
3705 1219 3995 1287 sacrificia

2327 1316 2737 1405 perpetranda
2754 1332 2952 1383 vestes
2978 1318 3286 1406 depositas
3313 1343 3463 1399 esse,
3486 1343 3626 1385 eum
3656 1344 3774 1409 ego
3802 1322 3994 1388 moni-

2327 1434 2462 1484 tum
2506 1418 2669 1497 volo,
2721 1442 2845 1485 non
2891 1420 2971 1485 de
3011 1421 3197 1509 justis
3242 1421 3546 1487 sacrificiis
3592 1423 3991 1510 cogitandum

2324 1545 2452 1586 esse
2478 1521 2540 1587 h.
2575 1522 2642 1600 l.‚
2675 1523 2905 1610 quibus
2932 1523 3147 1589 hostiae
3176 1538 3545 1604 mactantur,
3579 1525 3685 1590 sed
3715 1525 3796 1591 de
3822 1528 3987 1615 ejus-

2325 1623 2491 1688 modi
2516 1623 2947 1703 oblationibus,
2977 1625 3085 1690 ubi
3120 1625 3320 1706 flores,
3350 1641 3531 1706 serta,
3562 1628 3801 1693 fructus
3843 1653 3985 1717 por-

2322 1726 2613 1814 riguntur
2630 1726 2787 1792 Diis.
2852 1730 3070 1815 Atque
3091 1728 3518 1815 hujuscemodi
3546 1753 3715 1796 sacra
3740 1754 3779 1796 a
3806 1732 3990 1798 nudis

2321 1828 2674 1894 hominibus
2702 1830 2925 1918 saepius
2953 1830 3375 1896 administrata
3411 1855 3561 1910 esse,
3590 1849 3867 1921 arguunt
3897 1850 3990 1902 tot

2320 1930 2616 2018 imagines
2659 1931 2723 1996 in
2767 1932 2927 1997 vasis
2974 1935 3340 1998 Graecorum
3390 1933 3569 2021 pictis
3619 1922 3982 2025 conspicuae.

2322 2035 2447 2112 Qui
2488 2048 2698 2098 autem
2739 2034 2921 2099 sacris
2963 2035 3294 2100 Eleusiniis
3335 2036 3560 2101 initiari
3594 2038 3840 2114 vellent,
3874 2065 3989 2129 per

2319 2135 2551 2222 gradus
2578 2136 2986 2202 ascendebant
3011 2137 3092 2202 ad
3121 2160 3396 2212 summa;
3442 2162 3709 2225 quorum
3751 2142 3987 2227 primus

2321 2252 2412 2302 est
2440 2240 2745 2320 καθαρμός.
2817 2238 2977 2303 Inde
3004 2253 3209 2304 noster
3238 2240 3563 2322 καθάρσεις.
3621 2244 3755 2307 Nec
3781 2243 3985 2309 minus

2320 2341 2383 2405 in
2410 2340 2625 2405 iisdem
2655 2340 2975 2429 Mysteriis
3000 2354 3197 2406 vestes
3231 2340 3544 2429 depoffitoe.
3625 2343 3809 2409 Unde
3835 2345 3982 2411 item

2321 2442 2607 2508 Plotinus
2679 2446 2918 2523 ἱματίων
2990 2443 3300 2512 ἀποθέσεις
3318 2478 3406 2493 -
3424 2451 3663 2526 γυμνοῖς
3732 2447 3976 2513 ἀνιέναι.

2320 2545 2506 2625 Quod
2536 2567 2681 2609 vero
2708 2544 2994 2610 Plotinus
3030 2545 3177 2610 dicit
3215 2552 3336 2614 τοῖς
3368 2549 3599 2612 ἀνιοῦσι
3640 2562 3703 2613 et
3730 2549 3979 2629 ἀναβαί-

2319 2673 2478 2713 νεινε
2511 2660 2657 2712 sunt
2676 2647 2809 2712 haec
2829 2648 3018 2714 verba
3044 2647 3160 2713 bac
3186 2647 3249 2711 in
3278 2670 3344 2713 re
3374 2648 3684 2727 solemnia,
3715 2665 3788 2715 ut
3816 2651 3983 2733 ἀνέρ-

2316 2755 2551 2835 χεσθαι.
2621 2749 2723 2815 Cf.
2756 2749 2942 2821 etiam
2969 2752 3197 2815 Noster
3224 2773 3286 2838 p.
3323 2766 3464 2832 720.
3497 2774 3550 2816 c.
3580 2751 3681 2816 28.
3718 2751 3983 2817 Uberius

2318 2852 2450 2917 haec
2495 2851 2702 2917 omnia
2749 2852 3167 2940 exposuimus,
3218 2851 3365 2917 locis
3414 2875 3664 2941 quoque
3705 2867 3981 2919 veterum

2317 2955 2565 3033 additis,
2594 2955 2660 3019 in
2686 2954 2785 3019 ed.
2817 2954 3017 3042 pecul.
3048 2979 3113 3043 p.
3144 2970 3501 3041 305—309.

2400 3095 2488 3107 —
2504 3079 2568 3142 5.
2602 3058 2707 3124 ἕως
2747 3059 2823 3122 ἄν
2859 3084 2945 3126 τις
2984 3057 3497 3141 παρελθὸν-ἴδῃ]
3535 3065 3578 3097 “
3604 3057 3760 3122 Cod.
3795 3058 3976 3124 Leid.

2319 3162 2492 3225 Voss.
2525 3162 2812 3225 ἀνελθών.
2883 3160 2962 3224 In
2990 3158 3204 3224 eodem
3236 3158 3407 3224 deest
3434 3161 3768 3242 ἀλλότριον.
3829 3161 3984 3225 For-

2316 3277 2473 3327 tasse
2514 3264 2736 3328 recte.”
2762 3264 2848 3328 D.
2881 3263 2974 3327 W.
3032 3261 3285 3328 Ficinus
3312 3276 3422 3327 aut
3450 3261 3709 3327 nimium
3738 3261 3852 3328 sibi
3881 3262 3979 3329 in-

2317 3364 2597 3445 dulsisse,
2625 3380 2736 3431 aut
2762 3365 2850 3431 sic
2878 3364 3092 3453 legisse
3119 3365 3436 3450 putandus
3462 3382 3587 3429 est:
3622 3367 3982 3430 ἀπελθὸν-

2314 3473 2435 3532 πᾶν
2461 3469 2610 3532 ὅσον
2629 3469 2946 3550 ἀλλότριον
2965 3472 3070 3532 τοῦ
3094 3471 3234 3532 θεοῦ
3259 3466 3844 3555 προέμενος.-Εςο,
3868 3468 3977 3555 qui

2315 3569 2380 3634 in
2421 3569 2703 3658 plurimis
2741 3569 2911 3634 libris
2952 3568 3306 3657 reperissem
3347 3568 3660 3651 παρελθὼν
3696 3580 3760 3633 et
3788 3572 3973 3634 ἀλλά·

2312 3698 2495 3755 τριον,
2524 3671 2697 3759 quod
2724 3671 2865 3736 inde
2895 3670 3146 3759 pendet,
3176 3692 3299 3734 non
3340 3668 3622 3735 dubitavi
3658 3668 3883 3735 inferre
3909 3671 3974 3736 in

2312 3774 2609 3840 ordinem.
2658 3774 2917 3838 Lucian.
2953 3775 3036 3837 T.
3065 3773 3198 3836 IX.
3230 3795 3293 3859 p.
3314 3771 3459 3857 382.
3484 3770 3626 3858 Bip.
3657 3777 3975 3854 παρελθεῖν

2311 3876 2533 3944 πάντας
2565 3878 2910 3962 εὐδαιμονίᾳ.
2958 3874 3243 3941 Plotinus
3269 3873 3349 3938 de
3375 3873 3577 3938 anima
3600 3873 3666 3937 in
3695 3874 3975 3940 multitu-

2310 3977 2516 4043 dinem
2556 3977 2847 4067 prolapsa
2888 4002 2953 4066 p.
2987 3980 3131 4062 761.
3161 3976 3518 4060 παρέρχεται
3545 3977 3651 4041 οὖν
3677 3976 3744 4041 τὸ
3774 3977 3862 4056 ἓν,
3893 3981 3975 4046 εἷς

2313 4080 2555 4163 ἀριθμὸν
2579 4082 2675 4145 καὶ
2692 4085 2916 4160 πλῆθος
2939 4083 3217 4145 ἐλθοῦσα.
3252 4078 3353 4145 Cf.
3376 4077 3667 4143 Matthiae
3687 4079 3967 4146 Gramm.

2314 4185 2374 4265 ξ.
2405 4184 2552 4268 518.
2583 4199 2731 4268 522.
2777 4180 2970 4246 Adde
2997 4179 3300 4246 Eudociae
3329 4179 3672 4246 Violetum:
3726 4204 3788 4270 p.
3823 4201 3966 4269 291.

2310 4285 2476 4368 ἄχρις
2501 4285 2572 4349 οὗ
2598 4287 2702 4352 τὰς
2730 4283 3003 4351 κολάσεις
3027 4282 3331 4366 παρέλθοι.
3402 4283 3627 4369 Itaque
3655 4298 3860 4350 noster
3885 4284 3973 4350 lo-

2307 4409 2416 4450 cus
2441 4386 2530 4451 ita
2554 4401 2648 4450 est
2672 4385 3037 4450 vertendus:
3088 4393 3130 4425 ‘⁶
3152 4387 3492 4471 Quousque
3520 4388 3865 4472 praeversis
3905 4386 3971 4454 in

2304 4511 2556 4553 ascensu
2600 4488 2908 4567 omnibus,
2937 4510 3076 4576 quae
3108 4488 3317 4552 alima
3351 4496 3501 4551 sunt
3526 4509 3565 4551 a
3591 4483 3792 4553 Deo.''⁵
3857 4489 3971 4555 Ad

2304 4591 2666 4655 sententiam
2694 4591 2773 4655 cf.
2809 4589 3052 4655 Platon.
3082 4591 3296 4677 Symp.
3324 4612 3376 4653 c.
3407 4606 3505 4673 29.
3557 4588 3879 4656 Politicum
3901 4613 3963 4679 p.

2314 4693 2453 4777 158.
2484 4716 2538 4758 c.
2574 4693 2674 4758 26.
2744 4691 2942 4758 Procl.
2975 4691 3107 4757 Alc.
3142 4715 3234 4780 pr.
3269 4709 3411 4776 249.
3443 4691 3541 4756 ed.
3575 4706 3762 4758 nostr.
3831 4694 3970 4760 Cae-

2307 4807 2509 4859 terum
2537 4794 2618 4859 de
2643 4818 2793 4860 voce
2820 4797 3117 4872 ἀπόθεσις,
3146 4793 3374 4858 rariore
3405 4815 3544 4872 usu,
3575 4807 3638 4858 et
3666 4794 3972 4883 scriptori-

2306 4895 2426 4961 bus
2453 4897 2638 4962 sacris
2662 4909 2727 4962 et
2754 4895 3164 4962 ecclesiasticis
3204 4894 3507 4978 familiari,
3542 4894 3622 4960 de
3663 4896 3968 4984 deponen-

2303 5000 2405 5064 dis
2444 5001 2646 5063 animi
2686 5009 2801 5064 aut
2839 5000 3116 5086 corporis
3155 5000 3331 5064 vitiie
3368 4997 3608 5064 monuit
3634 4998 3964 5087 Wyttenb.

2303 5101 2385 5166 ad
2415 5100 2588 5167 Plut.
2617 5125 2676 5190 p.
2709 5101 2853 5186 789.
2883 5100 2985 5166 ed.
3017 5103 3141 5166 Ox.
3170 5100 3320 5165 min.

2386 5219 2554 5286 —7.
2589 5201 2690 5286 ἀφ’
2722 5204 2792 5268 οὗ
2832 5202 3026 5268 πάντα
3069 5203 3390 5291 ἐξήρτηται]
3429 5202 3571 5268 Vid.
3619 5202 3871 5270 Suidam
3904 5204 3960 5267 Ῑ.

2301 5328 2365 5394 p.
2399 5321 2543 5389 771.
2589 5307 2774 5372 Kust.
2823 5305 2932 5370 ubi
2977 5304 3161 5370 etiam
3201 5304 3282 5370 de
3326 5304 3776 5372 constructione
3822 5327 3964 5370 cum

2301 5406 2731 5496 proepositione
2761 5411 2844 5474 ἐκ.
2896 5407 2998 5474 Cf.
3030 5407 3214 5474 etiam
3244 5406 3467 5473 Budaei
3497 5406 3733 5472 Comm.
3771 5405 3959 5495 Ling.

2302 5512 2420 5577 Gr.
2452 5533 2516 5598 p.
2549 5523 2695 5598 739.
2772 5512 3074 5599 Interprr.
3119 5509 3202 5575 ad
3235 5509 3463 5576 Thom.
3508 5509 3685 5596 Mag.
3715 5531 3779 5596 p.
3810 5526 3960 5596 327.
