<?xml version="1.0" encoding="UTF-8"?>
<!DOCTYPE html PUBLIC "-//W3C//DTD XHTML 1.0 Transitional//EN"
    "http://www.w3.org/TR/xhtml1/DTD/xhtml1-transitional.dtd">
<html xmlns="http://www.w3.org/1999/xhtml" xml:lang="en" lang="en">
 <head>
  <title>
</title>
<meta http-equiv="Content-Type" content="text/html;charset=utf-8" />
  <meta name='ocr-system' content='tesseract 3.04.00' />
  <meta name='ocr-capabilities' content='ocr_page ocr_carea ocr_par ocr_line ocrx_word'/>
</head>
<body>
  <div class='ocr_page' id='page_1' title='image "./plotinioperaomn00chumgoog_0031.png"; bbox 0 0 5118 6613; ppageno 0'>
   <div class='ocr_carea' id='block_1_1' title="bbox 1458 540 3180 628">
    <p class='ocr_par' dir='ltr' id='par_1_1' title="bbox 1458 540 3180 628">
     <span class='ocr_line' id='line_1_1' title="bbox 1458 540 3180 628; baseline -0.002 -20"><span class='ocrx_word' id='word_1_1' title='bbox 1458 544 1657 608; x_wconf 91' lang='lat' dir='ltr'>LIB.</span> <span class='ocrx_word' id='word_1_2' title='bbox 1706 543 1821 608; x_wconf 92' lang='lat' dir='ltr'>IV.</span> <span class='ocrx_word' id='word_1_3' title='bbox 1867 542 2322 608; x_wconf 87' lang='lat' dir='ltr'>ENNEAD.</span> <span class='ocrx_word' id='word_1_4' title='bbox 2371 540 2764 606; x_wconf 80' lang='lat' dir='ltr'>PRIMAE.</span> <span class='ocrx_word' id='word_1_5' title='bbox 2808 562 2874 628; x_wconf 91' lang='lat' dir='ltr'>p.</span> <span class='ocrx_word' id='word_1_6' title='bbox 2907 540 3180 626; x_wconf 90' lang='lat'><strong>67—69.</strong></span> 
     </span>
    </p>
   </div>
   <div class='ocr_carea' id='block_1_2' title="bbox 588 714 2281 2445">
    <p class='ocr_par' dir='ltr' id='par_1_2' title="bbox 588 714 2276 1014">
     <span class='ocr_line' id='line_1_2' title="bbox 588 714 2276 809; baseline -0.004 -23"><span class='ocrx_word' id='word_1_7' title='bbox 588 721 716 809; x_wconf 85' lang='lat' dir='ltr'>gin.</span> <span class='ocrx_word' id='word_1_8' title='bbox 754 720 912 786; x_wconf 89' lang='lat' dir='ltr'>XL.</span> <span class='ocrx_word' id='word_1_9' title='bbox 951 737 1009 785; x_wconf 88' lang='grc'>2.</span> <span class='ocrx_word' id='word_1_10' title='bbox 1041 741 1105 805; x_wconf 89' lang='lat' dir='ltr'>p.</span> <span class='ocrx_word' id='word_1_11' title='bbox 1131 732 1278 804; x_wconf 79' lang='lat'><strong>454.</strong></span> <span class='ocrx_word' id='word_1_12' title='bbox 1314 716 1557 785; x_wconf 87' lang='lat' dir='ltr'>Weisk.</span> <span class='ocrx_word' id='word_1_13' title='bbox 1615 714 1885 782; x_wconf 85' lang='lat' dir='ltr'><strong>Goeller.</strong></span> <span class='ocrx_word' id='word_1_14' title='bbox 1918 714 2001 781; x_wconf 91' lang='lat' dir='ltr'>ad</span> <span class='ocrx_word' id='word_1_15' title='bbox 2031 714 2276 779; x_wconf 82' lang='lat' dir='ltr'>Philisti</span> 
     </span>
     <span class='ocr_line' id='line_1_3' title="bbox 589 817 2271 911; baseline -0.004 -23"><span class='ocrx_word' id='word_1_16' title='bbox 589 826 821 911; x_wconf 86' lang='lat' dir='ltr'>Fragg.</span> <span class='ocrx_word' id='word_1_17' title='bbox 858 823 1010 887; x_wconf 90' lang='lat' dir='ltr'>XV.</span> <span class='ocrx_word' id='word_1_18' title='bbox 1065 844 1129 908; x_wconf 88' lang='lat' dir='ltr'>p.</span> <span class='ocrx_word' id='word_1_19' title='bbox 1170 822 1311 906; x_wconf 87' lang='lat'><strong>156.</strong></span> <span class='ocrx_word' id='word_1_20' title='bbox 1363 834 1427 885; x_wconf 89' lang='lat' dir='ltr'>et</span> <span class='ocrx_word' id='word_1_21' title='bbox 1470 818 1803 885; x_wconf 88' lang='lat' dir='ltr'>Blomfield</span> <span class='ocrx_word' id='word_1_22' title='bbox 1848 819 1932 883; x_wconf 88' lang='lat' dir='ltr'>ad</span> <span class='ocrx_word' id='word_1_23' title='bbox 1984 817 2271 905; x_wconf 86' lang='lat' dir='ltr'>AEschyl.</span> 
     </span>
     <span class='ocr_line' id='line_1_4' title="bbox 591 925 1484 1014; baseline -0.006 -22"><span class='ocrx_word' id='word_1_24' title='bbox 591 930 965 1014; x_wconf 86' lang='lat' dir='ltr'>Agamemn.</span> <span class='ocrx_word' id='word_1_25' title='bbox 995 943 1095 991; x_wconf 86' lang='lat'><strong>21.</strong></span> <span class='ocrx_word' id='word_1_26' title='bbox 1129 947 1194 1011; x_wconf 89' lang='lat' dir='ltr'>p.</span> <span class='ocrx_word' id='word_1_27' title='bbox 1227 925 1363 1009; x_wconf 89' lang='lat'><strong>156.</strong></span> <span class='ocrx_word' id='word_1_28' title='bbox 1392 946 1484 1010; x_wconf 91' lang='lat' dir='ltr'>sq.</span> 
     </span>
    </p>

    <p class='ocr_par' dir='ltr' id='par_1_3' title="bbox 592 1023 2281 2445">
     <span class='ocr_line' id='line_1_5' title="bbox 677 1023 2275 1113; baseline -0.003 -21"><span class='ocrx_word' id='word_1_29' title='bbox 677 1067 763 1079; x_wconf 92' lang='grc'><strong>-</strong></span> <span class='ocrx_word' id='word_1_30' title='bbox 792 1049 885 1109; x_wconf 86' lang='grc'><strong>14.</strong></span> <span class='ocrx_word' id='word_1_31' title='bbox 935 1031 1003 1091; x_wconf 81' lang='grc' dir='ltr'>ἐν</span> <span class='ocrx_word' id='word_1_32' title='bbox 1029 1031 1227 1107; x_wconf 81' lang='grc' dir='ltr'>πολλῇ</span> <span class='ocrx_word' id='word_1_33' title='bbox 1267 1027 1415 1107; x_wconf 84' lang='grc' dir='ltr'>ζάλῃ</span> <span class='ocrx_word' id='word_1_34' title='bbox 1456 1026 1689 1106; x_wconf 82' lang='grc' dir='ltr'>ἀνέμων</span> <span class='ocrx_word' id='word_1_35' title='bbox 1720 1026 1814 1089; x_wconf 86' lang='grc' dir='ltr'>καὶ</span> <span class='ocrx_word' id='word_1_36' title='bbox 1841 1025 2115 1113; x_wconf 84' lang='grc' dir='ltr'>χειμῶνι]</span> <span class='ocrx_word' id='word_1_37' title='bbox 2163 1023 2275 1089; x_wconf 86' lang='lat' dir='ltr'>Vi-</span> 
     </span>
     <span class='ocr_line' id='line_1_6' title="bbox 593 1127 2275 1218; baseline -0.003 -22"><span class='ocrx_word' id='word_1_38' title='bbox 593 1131 780 1197; x_wconf 90' lang='lat' dir='ltr'>detur</span> <span class='ocrx_word' id='word_1_39' title='bbox 806 1131 1172 1218; x_wconf 88' lang='lat' dir='ltr'>magistrum</span> <span class='ocrx_word' id='word_1_40' title='bbox 1201 1128 1450 1194; x_wconf 62' lang='lat' dir='ltr'>familiae</span> <span class='ocrx_word' id='word_1_41' title='bbox 1489 1151 1619 1193; x_wconf 87' lang='lat' dir='ltr'>suae</span> <span class='ocrx_word' id='word_1_42' title='bbox 1657 1142 1801 1193; x_wconf 87' lang='lat' dir='ltr'>ante</span> <span class='ocrx_word' id='word_1_43' title='bbox 1835 1127 2045 1193; x_wconf 87' lang='lat' dir='ltr'>oculos</span> <span class='ocrx_word' id='word_1_44' title='bbox 2074 1127 2275 1192; x_wconf 91' lang='lat' dir='ltr'>habu-</span> 
     </span>
     <span class='ocr_line' id='line_1_7' title="bbox 594 1230 2277 1321; baseline -0.001 -25"><span class='ocrx_word' id='word_1_45' title='bbox 594 1234 729 1314; x_wconf 83' lang='lat' dir='ltr'>isse,</span> <span class='ocrx_word' id='word_1_46' title='bbox 758 1233 868 1321; x_wconf 87' lang='lat' dir='ltr'>qui</span> <span class='ocrx_word' id='word_1_47' title='bbox 895 1233 961 1297; x_wconf 91' lang='lat' dir='ltr'>in</span> <span class='ocrx_word' id='word_1_48' title='bbox 990 1232 1238 1298; x_wconf 86' lang='lat' dir='ltr'>Timaeo</span> <span class='ocrx_word' id='word_1_49' title='bbox 1265 1256 1328 1320; x_wconf 89' lang='lat' dir='ltr'>p.</span> <span class='ocrx_word' id='word_1_50' title='bbox 1354 1233 1502 1318; x_wconf 89' lang='grc'><strong>436.</strong></span> <span class='ocrx_word' id='word_1_51' title='bbox 1527 1256 1540 1294; x_wconf 89' lang='lat'>:</span> <span class='ocrx_word' id='word_1_52' title='bbox 1594 1233 1710 1295; x_wconf 82' lang='grc' dir='ltr'>εἴτε</span> <span class='ocrx_word' id='word_1_53' title='bbox 1749 1230 1895 1311; x_wconf 85' lang='grc' dir='ltr'>ζάλῃ</span> <span class='ocrx_word' id='word_1_54' title='bbox 1932 1231 2277 1310; x_wconf 80' lang='grc' dir='ltr'>πνευμάτων</span> 
     </span>
     <span class='ocr_line' id='line_1_8' title="bbox 595 1333 2278 1419; baseline -0.002 -18"><span class='ocrx_word' id='word_1_55' title='bbox 595 1336 689 1401; x_wconf 79' lang='grc' dir='ltr'>ὑπ’</span> <span class='ocrx_word' id='word_1_56' title='bbox 722 1337 894 1419; x_wconf 81' lang='grc' dir='ltr'>άέρος</span> <span class='ocrx_word' id='word_1_57' title='bbox 922 1336 1268 1419; x_wconf 82' lang='grc' dir='ltr'>φερομένων</span> <span class='ocrx_word' id='word_1_58' title='bbox 1297 1336 1697 1417; x_wconf 80' lang='grc' dir='ltr'>καταληφθείη</span> <span class='ocrx_word' id='word_1_59' title='bbox 1744 1336 1838 1398; x_wconf 88' lang='grc' dir='ltr'>καὶ</span> <span class='ocrx_word' id='word_1_60' title='bbox 1882 1333 1995 1397; x_wconf 82' lang='grc' dir='ltr'>ὑπὸ</span> <span class='ocrx_word' id='word_1_61' title='bbox 2041 1333 2278 1398; x_wconf 89' lang='grc' dir='ltr'>πάντων</span> 
     </span>
     <span class='ocr_line' id='line_1_9' title="bbox 594 1436 2278 1519; baseline -0.002 -17"><span class='ocrx_word' id='word_1_62' title='bbox 594 1442 813 1505; x_wconf 75' lang='grc' dir='ltr'>τούτων</span> <span class='ocrx_word' id='word_1_63' title='bbox 844 1442 940 1504; x_wconf 79' lang='grc' dir='ltr'>διὰ</span> <span class='ocrx_word' id='word_1_64' title='bbox 983 1444 1087 1504; x_wconf 84' lang='grc' dir='ltr'>τοῦ</span> <span class='ocrx_word' id='word_1_65' title='bbox 1128 1441 1397 1519; x_wconf 77' lang='grc' dir='ltr'>σώματος</span> <span class='ocrx_word' id='word_1_66' title='bbox 1440 1440 1501 1502; x_wconf 85' lang='grc' dir='ltr'>αἱ</span> <span class='ocrx_word' id='word_1_67' title='bbox 1535 1437 1787 1517; x_wconf 82' lang='grc' dir='ltr'>κινήσεις</span> <span class='ocrx_word' id='word_1_68' title='bbox 1816 1437 1912 1500; x_wconf 80' lang='grc' dir='ltr'>ἐπὶ</span> <span class='ocrx_word' id='word_1_69' title='bbox 1938 1436 2046 1516; x_wconf 78' lang='grc' dir='ltr'>τὴν</span> <span class='ocrx_word' id='word_1_70' title='bbox 2072 1436 2278 1519; x_wconf 79' lang='grc' dir='ltr'>ψυχὴν</span> 
     </span>
     <span class='ocr_line' id='line_1_10' title="bbox 598 1538 2272 1626; baseline -0.002 -20"><span class='ocrx_word' id='word_1_71' title='bbox 598 1544 922 1625; x_wconf 77' lang='grc' dir='ltr'>φερόμεναι</span> <span class='ocrx_word' id='word_1_72' title='bbox 964 1543 1407 1623; x_wconf 79' lang='grc' dir='ltr'>προσπίπτοιεν.</span> <span class='ocrx_word' id='word_1_73' title='bbox 1501 1540 1599 1604; x_wconf 85' lang='lat' dir='ltr'>Cf.</span> <span class='ocrx_word' id='word_1_74' title='bbox 1632 1539 1711 1603; x_wconf 92' lang='lat' dir='ltr'>de</span> <span class='ocrx_word' id='word_1_75' title='bbox 1740 1538 2015 1626; x_wconf 88' lang='lat' dir='ltr'>Republ.</span> <span class='ocrx_word' id='word_1_76' title='bbox 2044 1539 2161 1603; x_wconf 91' lang='lat' dir='ltr'>VI.</span> <span class='ocrx_word' id='word_1_77' title='bbox 2209 1561 2272 1625; x_wconf 94' lang='lat' dir='ltr'>p.</span> 
     </span>
     <span class='ocr_line' id='line_1_11' title="bbox 592 1640 2278 1729; baseline -0.003 -20"><span class='ocrx_word' id='word_1_78' title='bbox 592 1646 739 1729; x_wconf 86' lang='lat'><strong>496.</strong></span> <span class='ocrx_word' id='word_1_79' title='bbox 775 1644 837 1709; x_wconf 92' lang='lat' dir='ltr'>d.</span> <span class='ocrx_word' id='word_1_80' title='bbox 890 1647 1018 1709; x_wconf 77' lang='grc' dir='ltr'>οἷον</span> <span class='ocrx_word' id='word_1_81' title='bbox 1062 1647 1128 1709; x_wconf 81' lang='grc' dir='ltr'>ἐν</span> <span class='ocrx_word' id='word_1_82' title='bbox 1171 1650 1417 1728; x_wconf 79' lang='grc' dir='ltr'>χειμῶνι</span> <span class='ocrx_word' id='word_1_83' title='bbox 1465 1646 1764 1725; x_wconf 81' lang='grc' dir='ltr'>κονιορτοῦ</span> <span class='ocrx_word' id='word_1_84' title='bbox 1807 1644 1902 1706; x_wconf 85' lang='grc' dir='ltr'>καὶ</span> <span class='ocrx_word' id='word_1_85' title='bbox 1945 1640 2122 1721; x_wconf 91' lang='grc' dir='ltr'>ζάλης</span> <span class='ocrx_word' id='word_1_86' title='bbox 2165 1641 2278 1705; x_wconf 80' lang='grc' dir='ltr'>ὑπὸ</span> 
     </span>
     <span class='ocr_line' id='line_1_12' title="bbox 593 1743 2280 1832; baseline -0.003 -21"><span class='ocrx_word' id='word_1_87' title='bbox 593 1749 923 1827; x_wconf 86' lang='grc' dir='ltr'>πνεύματος</span> <span class='ocrx_word' id='word_1_88' title='bbox 950 1747 1283 1830; x_wconf 84' lang='grc' dir='ltr'>φερομένου</span> <span class='ocrx_word' id='word_1_89' title='bbox 1314 1772 1430 1811; x_wconf 90' lang='grc' dir='ltr'>κ.τ.</span> <span class='ocrx_word' id='word_1_90' title='bbox 1452 1755 1513 1810; x_wconf 91' lang='grc' dir='ltr'>λ.</span> <span class='ocrx_word' id='word_1_91' title='bbox 1547 1744 1658 1832; x_wconf 90' lang='lat' dir='ltr'>qui</span> <span class='ocrx_word' id='word_1_92' title='bbox 1687 1744 1917 1809; x_wconf 90' lang='lat' dir='ltr'>multos</span> <span class='ocrx_word' id='word_1_93' title='bbox 1943 1743 2280 1808; x_wconf 85' lang='lat' dir='ltr'>imitatores</span> 
     </span>
     <span class='ocr_line' id='line_1_13' title="bbox 595 1832 2280 1937; baseline -0.003 -23"><span class='ocrx_word' id='word_1_94' title='bbox 595 1864 811 1914; x_wconf 88' lang='lat' dir='ltr'>nactus</span> <span class='ocrx_word' id='word_1_95' title='bbox 853 1832 952 1914; x_wconf 44' lang='lat' dir='ltr'>&#39;est</span> <span class='ocrx_word' id='word_1_96' title='bbox 1001 1872 1159 1937; x_wconf 89' lang='lat' dir='ltr'>quos</span> <span class='ocrx_word' id='word_1_97' title='bbox 1205 1849 1386 1914; x_wconf 87' lang='lat' dir='ltr'>docte</span> <span class='ocrx_word' id='word_1_98' title='bbox 1433 1848 1722 1913; x_wconf 82' lang='lat' dir='ltr'>adhibuit</span> <span class='ocrx_word' id='word_1_99' title='bbox 1751 1845 2280 1934; x_wconf 90' lang='lat' dir='ltr'>Wyttenbachius</span> 
     </span>
     <span class='ocr_line' id='line_1_14' title="bbox 596 1951 2274 2037; baseline -0.002 -20"><span class='ocrx_word' id='word_1_100' title='bbox 596 1976 771 2017; x_wconf 89' lang='lat' dir='ltr'>meus</span> <span class='ocrx_word' id='word_1_101' title='bbox 803 1952 867 2016; x_wconf 91' lang='lat' dir='ltr'>in</span> <span class='ocrx_word' id='word_1_102' title='bbox 900 1952 1279 2017; x_wconf 89' lang='lat' dir='ltr'>Animadvv.</span> <span class='ocrx_word' id='word_1_103' title='bbox 1315 1952 1378 2015; x_wconf 90' lang='lat' dir='ltr'>in</span> <span class='ocrx_word' id='word_1_104' title='bbox 1411 1951 1581 2016; x_wconf 87' lang='lat' dir='ltr'>Plut.</span> <span class='ocrx_word' id='word_1_105' title='bbox 1617 1951 1696 2015; x_wconf 91' lang='lat' dir='ltr'>de</span> <span class='ocrx_word' id='word_1_106' title='bbox 1727 1953 2010 2015; x_wconf 83' lang='lat' dir='ltr'>Fortuna</span> <span class='ocrx_word' id='word_1_107' title='bbox 2036 1974 2099 2037; x_wconf 88' lang='lat' dir='ltr'>p.</span> <span class='ocrx_word' id='word_1_108' title='bbox 2129 1951 2274 2033; x_wconf 90' lang='lat'><strong>669.</strong></span> 
     </span>
     <span class='ocr_line' id='line_1_15' title="bbox 595 2054 2273 2143; baseline -0.001 -24"><span class='ocrx_word' id='word_1_109' title='bbox 595 2055 692 2119; x_wconf 91' lang='lat' dir='ltr'>ed.</span> <span class='ocrx_word' id='word_1_110' title='bbox 728 2055 876 2120; x_wconf 89' lang='lat' dir='ltr'>min.</span> <span class='ocrx_word' id='word_1_111' title='bbox 911 2055 1142 2143; x_wconf 90' lang='lat' dir='ltr'>quibus</span> <span class='ocrx_word' id='word_1_112' title='bbox 1169 2054 1330 2119; x_wconf 88' lang='lat' dir='ltr'>adde</span> <span class='ocrx_word' id='word_1_113' title='bbox 1362 2055 1717 2119; x_wconf 88' lang='lat' dir='ltr'>Himerium</span> <span class='ocrx_word' id='word_1_114' title='bbox 1748 2056 1921 2119; x_wconf 84' lang='lat' dir='ltr'><strong>Orat.</strong></span> <span class='ocrx_word' id='word_1_115' title='bbox 1952 2055 2143 2117; x_wconf 89' lang='lat' dir='ltr'><strong>XIV.</strong></span> <span class='ocrx_word' id='word_1_116' title='bbox 2168 2071 2273 2138; x_wconf 83' lang='lat'><strong>32.</strong></span> 
     </span>
     <span class='ocr_line' id='line_1_16' title="bbox 594 2157 2276 2245; baseline -0.001 -23"><span class='ocrx_word' id='word_1_117' title='bbox 594 2181 657 2245; x_wconf 92' lang='lat' dir='ltr'>p.</span> <span class='ocrx_word' id='word_1_118' title='bbox 686 2160 831 2223; x_wconf 89' lang='lat'><strong>668.</strong></span> <span class='ocrx_word' id='word_1_119' title='bbox 865 2158 963 2223; x_wconf 91' lang='lat' dir='ltr'>ed.</span> <span class='ocrx_word' id='word_1_120' title='bbox 994 2157 1389 2223; x_wconf 88' lang='lat' dir='ltr'>Wernsdorf.</span> <span class='ocrx_word' id='word_1_121' title='bbox 1441 2157 1677 2238; x_wconf 88' lang='grc' dir='ltr'>Γαλήνη</span> <span class='ocrx_word' id='word_1_122' title='bbox 1706 2159 1818 2236; x_wconf 72' lang='grc' dir='ltr'>μὲν</span> <span class='ocrx_word' id='word_1_123' title='bbox 1848 2157 1975 2240; x_wconf 82' lang='grc' dir='ltr'>ἔχει</span> <span class='ocrx_word' id='word_1_124' title='bbox 2007 2158 2140 2225; x_wconf 81' lang='grc' dir='ltr'>τοὺς</span> <span class='ocrx_word' id='word_1_125' title='bbox 2173 2159 2276 2239; x_wconf 79' lang='grc' dir='ltr'>ἆρ-</span> 
     </span>
     <span class='ocr_line' id='line_1_17' title="bbox 596 2259 2281 2344; baseline 0.001 -19"><span class='ocrx_word' id='word_1_126' title='bbox 596 2260 882 2344; x_wconf 78' lang='grc' dir='ltr'>χομένους</span> <span class='ocrx_word' id='word_1_127' title='bbox 910 2261 1190 2338; x_wconf 76' lang='grc' dir='ltr'>ἅπαντας,</span> <span class='ocrx_word' id='word_1_128' title='bbox 1224 2261 1484 2342; x_wconf 90' lang='grc' dir='ltr'>καθάπερ</span> <span class='ocrx_word' id='word_1_129' title='bbox 1530 2262 1595 2324; x_wconf 79' lang='grc' dir='ltr'>ἐκ</span> <span class='ocrx_word' id='word_1_130' title='bbox 1637 2262 1931 2341; x_wconf 84' lang='grc' dir='ltr'>τρικυμίας</span> <span class='ocrx_word' id='word_1_131' title='bbox 1971 2260 2064 2323; x_wconf 86' lang='grc' dir='ltr'>καὶ</span> <span class='ocrx_word' id='word_1_132' title='bbox 2105 2259 2281 2340; x_wconf 89' lang='grc' dir='ltr'>ζάλης</span> 
     </span>
     <span class='ocr_line' id='line_1_18' title="bbox 598 2365 1583 2445; baseline 0 -18"><span class='ocrx_word' id='word_1_133' title='bbox 598 2365 678 2431; x_wconf 80' lang='grc' dir='ltr'>εἰς</span> <span class='ocrx_word' id='word_1_134' title='bbox 705 2365 889 2445; x_wconf 80' lang='grc' dir='ltr'>ὅρμον</span> <span class='ocrx_word' id='word_1_135' title='bbox 919 2366 1201 2432; x_wconf 80' lang='grc' dir='ltr'>ἐλθόντας</span> <span class='ocrx_word' id='word_1_136' title='bbox 1230 2366 1583 2444; x_wconf 78' lang='grc' dir='ltr'>ἀκύμαντον.</span> 
     </span>
    </p>
   </div>
   <div class='ocr_carea' id='block_1_3' title="bbox 593 2463 2289 5535">
    <p class='ocr_par' dir='ltr' id='par_1_4' title="bbox 598 2463 2273 2656">
     <span class='ocr_line' id='line_1_19' title="bbox 679 2463 2273 2553; baseline 0 -24"><span class='ocrx_word' id='word_1_137' title='bbox 679 2503 767 2515; x_wconf 95' lang='grc'><strong>-</strong></span> <span class='ocrx_word' id='word_1_138' title='bbox 796 2483 891 2551; x_wconf 88' lang='lat'>15.</span> <span class='ocrx_word' id='word_1_139' title='bbox 924 2465 1123 2531; x_wconf 79' lang='grc' dir='ltr'>Ἀλλὰ</span> <span class='ocrx_word' id='word_1_140' title='bbox 1153 2470 1206 2531; x_wconf 78' lang='grc' dir='ltr'>εἰ</span> <span class='ocrx_word' id='word_1_141' title='bbox 1234 2468 1313 2547; x_wconf 83' lang='grc' dir='ltr'>μὴ</span> <span class='ocrx_word' id='word_1_142' title='bbox 1341 2466 1810 2553; x_wconf 85' lang='grc' dir='ltr'>παρακολουθοῖ]</span> <span class='ocrx_word' id='word_1_143' title='bbox 1845 2463 1987 2528; x_wconf 92' lang='lat' dir='ltr'>Vid.</span> <span class='ocrx_word' id='word_1_144' title='bbox 2017 2463 2098 2528; x_wconf 88' lang='lat' dir='ltr'>ad</span> <span class='ocrx_word' id='word_1_145' title='bbox 2129 2466 2185 2529; x_wconf 95' lang='lat' dir='ltr'><strong>I.</strong></span> <span class='ocrx_word' id='word_1_146' title='bbox 2211 2485 2273 2545; x_wconf 89' lang='lat'>4.</span> 
     </span>
     <span class='ocr_line' id='line_1_20' title="bbox 598 2571 1001 2656; baseline -0.002 -23"><span class='ocrx_word' id='word_1_147' title='bbox 598 2587 658 2653; x_wconf 82' lang='lat'><strong>5.</strong></span> <span class='ocrx_word' id='word_1_148' title='bbox 692 2592 758 2656; x_wconf 90' lang='lat' dir='ltr'>p.</span> <span class='ocrx_word' id='word_1_149' title='bbox 783 2588 888 2654; x_wconf 84' lang='lat'><strong>32.</strong></span> <span class='ocrx_word' id='word_1_150' title='bbox 919 2571 1001 2633; x_wconf 93' lang='lat' dir='ltr'>E.</span> 
     </span>
    </p>

    <p class='ocr_par' dir='ltr' id='par_1_5' title="bbox 593 2668 2281 3376">
     <span class='ocr_line' id='line_1_21' title="bbox 677 2668 2279 2759; baseline -0.002 -23"><span class='ocrx_word' id='word_1_151' title='bbox 677 2708 764 2721; x_wconf 90' lang='grc'><strong>-</strong></span> <span class='ocrx_word' id='word_1_152' title='bbox 786 2673 883 2736; x_wconf 92' lang='lat'><strong>16.</strong></span> <span class='ocrx_word' id='word_1_153' title='bbox 917 2672 1310 2752; x_wconf 82' lang='grc' dir='ltr'>ὥστε-ὅμως</span> <span class='ocrx_word' id='word_1_154' title='bbox 1348 2672 1429 2751; x_wconf 78' lang='grc' dir='ltr'>μὴ</span> <span class='ocrx_word' id='word_1_155' title='bbox 1474 2672 1714 2759; x_wconf 85' lang='grc' dir='ltr'>ἆποκτ.]</span> <span class='ocrx_word' id='word_1_156' title='bbox 1760 2670 1801 2735; x_wconf 92' lang='lat' dir='ltr'>i.</span> <span class='ocrx_word' id='word_1_157' title='bbox 1828 2694 1882 2734; x_wconf 91' lang='lat' dir='ltr'>e.</span> <span class='ocrx_word' id='word_1_158' title='bbox 1931 2668 2074 2735; x_wconf 87' lang='lat' dir='ltr'>licet</span> <span class='ocrx_word' id='word_1_159' title='bbox 2102 2668 2279 2735; x_wconf 89' lang='lat' dir='ltr'>dolor</span> 
     </span>
     <span class='ocr_line' id='line_1_22' title="bbox 594 2772 2273 2853; baseline -0.001 -15"><span class='ocrx_word' id='word_1_160' title='bbox 594 2774 1161 2840; x_wconf 85' lang='lat' dir='ltr'>vehementissimus</span> <span class='ocrx_word' id='word_1_161' title='bbox 1204 2774 1303 2853; x_wconf 90' lang='lat' dir='ltr'>sit,</span> <span class='ocrx_word' id='word_1_162' title='bbox 1334 2786 1545 2838; x_wconf 89' lang='lat' dir='ltr'>tamen</span> <span class='ocrx_word' id='word_1_163' title='bbox 1575 2796 1698 2838; x_wconf 89' lang='lat' dir='ltr'>non</span> <span class='ocrx_word' id='word_1_164' title='bbox 1726 2773 2027 2837; x_wconf 88' lang='lat' dir='ltr'>conficiat.</span> <span class='ocrx_word' id='word_1_165' title='bbox 2120 2772 2273 2838; x_wconf 88' lang='lat' dir='ltr'>Vel:</span> 
     </span>
     <span class='ocr_line' id='line_1_23' title="bbox 598 2877 2279 2943; baseline -0.001 -1"><span class='ocrx_word' id='word_1_166' title='bbox 598 2891 669 2942; x_wconf 92' lang='lat' dir='ltr'>ut</span> <span class='ocrx_word' id='word_1_167' title='bbox 707 2877 886 2943; x_wconf 90' lang='lat' dir='ltr'>dolor</span> <span class='ocrx_word' id='word_1_168' title='bbox 914 2877 1302 2942; x_wconf 84' lang='lat' dir='ltr'>vehementia</span> <span class='ocrx_word' id='word_1_169' title='bbox 1346 2900 1460 2941; x_wconf 92' lang='lat' dir='ltr'>sua</span> <span class='ocrx_word' id='word_1_170' title='bbox 1505 2877 1812 2941; x_wconf 89' lang='lat' dir='ltr'>hominem</span> <span class='ocrx_word' id='word_1_171' title='bbox 1862 2885 2108 2941; x_wconf 74' lang='lat' dir='ltr'>tantum</span> <span class='ocrx_word' id='word_1_172' title='bbox 2153 2898 2279 2940; x_wconf 77' lang='lat' dir='ltr'>non</span> 
     </span>
     <span class='ocr_line' id='line_1_24' title="bbox 593 2978 2281 3066; baseline -0.001 -21"><span class='ocrx_word' id='word_1_173' title='bbox 593 2980 889 3045; x_wconf 87' lang='lat' dir='ltr'>conficiat.</span> <span class='ocrx_word' id='word_1_174' title='bbox 969 2982 1111 3058; x_wconf 82' lang='lat' dir='ltr'>Qua</span> <span class='ocrx_word' id='word_1_175' title='bbox 1136 2980 1216 3044; x_wconf 92' lang='lat' dir='ltr'>de</span> <span class='ocrx_word' id='word_1_176' title='bbox 1245 3003 1311 3043; x_wconf 88' lang='lat' dir='ltr'>re</span> <span class='ocrx_word' id='word_1_177' title='bbox 1342 2980 1531 3045; x_wconf 87' lang='lat' dir='ltr'>verbo</span> <span class='ocrx_word' id='word_1_178' title='bbox 1564 2979 1869 3043; x_wconf 89' lang='lat' dir='ltr'>monitum</span> <span class='ocrx_word' id='word_1_179' title='bbox 1898 2978 2090 3057; x_wconf 90' lang='lat' dir='ltr'>volui,</span> <span class='ocrx_word' id='word_1_180' title='bbox 2123 3002 2281 3066; x_wconf 91' lang='lat' dir='ltr'>quo-</span> 
     </span>
     <span class='ocr_line' id='line_1_25' title="bbox 597 3081 2280 3171; baseline 0 -25"><span class='ocrx_word' id='word_1_181' title='bbox 597 3083 757 3147; x_wconf 81' lang='lat' dir='ltr'>niam</span> <span class='ocrx_word' id='word_1_182' title='bbox 789 3085 925 3171; x_wconf 89' lang='lat' dir='ltr'>ejus</span> <span class='ocrx_word' id='word_1_183' title='bbox 965 3107 1114 3148; x_wconf 90' lang='lat' dir='ltr'>usus</span> <span class='ocrx_word' id='word_1_184' title='bbox 1143 3084 1327 3166; x_wconf 83' lang='grc' dir='ltr'>(ὅμως</span> <span class='ocrx_word' id='word_1_185' title='bbox 1363 3106 1508 3147; x_wconf 90' lang='lat' dir='ltr'>cum</span> <span class='ocrx_word' id='word_1_186' title='bbox 1548 3084 1657 3168; x_wconf 79' lang='grc' dir='ltr'>μὴ)</span> <span class='ocrx_word' id='word_1_187' title='bbox 1689 3081 1974 3169; x_wconf 86' lang='lat' dir='ltr'>exempla</span> <span class='ocrx_word' id='word_1_188' title='bbox 1998 3081 2280 3147; x_wconf 86' lang='lat' dir='ltr'>desidero</span> 
     </span>
     <span class='ocr_line' id='line_1_26' title="bbox 598 3184 2278 3273; baseline -0.001 -23"><span class='ocrx_word' id='word_1_189' title='bbox 598 3186 767 3273; x_wconf 88' lang='lat' dir='ltr'>apud</span> <span class='ocrx_word' id='word_1_190' title='bbox 816 3186 1023 3273; x_wconf 91' lang='lat' dir='ltr'>ipsum</span> <span class='ocrx_word' id='word_1_191' title='bbox 1073 3188 1475 3272; x_wconf 90' lang='lat' dir='ltr'>Hoogeveen.</span> <span class='ocrx_word' id='word_1_192' title='bbox 1531 3185 1611 3250; x_wconf 91' lang='lat' dir='ltr'>de</span> <span class='ocrx_word' id='word_1_193' title='bbox 1654 3184 1985 3250; x_wconf 88' lang='lat' dir='ltr'>Particulis</span> <span class='ocrx_word' id='word_1_194' title='bbox 2032 3208 2095 3272; x_wconf 90' lang='lat' dir='ltr'><strong>p.</strong></span> <span class='ocrx_word' id='word_1_195' title='bbox 2128 3186 2278 3265; x_wconf 90' lang='lat'><strong>416.</strong></span> 
     </span>
     <span class='ocr_line' id='line_1_27' title="bbox 599 3288 1144 3376; baseline -0.002 -22"><span class='ocrx_word' id='word_1_196' title='bbox 599 3313 730 3376; x_wconf 85' lang='lat' dir='ltr'><strong>sqq.</strong></span> <span class='ocrx_word' id='word_1_197' title='bbox 765 3288 863 3353; x_wconf 91' lang='lat' dir='ltr'>ed.</span> <span class='ocrx_word' id='word_1_198' title='bbox 894 3289 1144 3354; x_wconf 88' lang='lat' dir='ltr'>Schutz.</span> 
     </span>
    </p>

    <p class='ocr_par' dir='ltr' id='par_1_6' title="bbox 593 3390 2289 5535">
     <span class='ocr_line' id='line_1_28' title="bbox 682 3390 2280 3480; baseline -0.002 -23"><span class='ocrx_word' id='word_1_199' title='bbox 682 3415 744 3479; x_wconf 91' lang='lat' dir='ltr'>p.</span> <span class='ocrx_word' id='word_1_200' title='bbox 768 3394 875 3477; x_wconf 89' lang='lat'>69,</span> <span class='ocrx_word' id='word_1_201' title='bbox 893 3412 956 3477; x_wconf 83' lang='lat'><strong>3.</strong></span> <span class='ocrx_word' id='word_1_202' title='bbox 984 3394 1101 3457; x_wconf 85' lang='grc' dir='ltr'>Καὶ</span> <span class='ocrx_word' id='word_1_203' title='bbox 1121 3396 1291 3456; x_wconf 80' lang='grc' dir='ltr'>τοῦτο</span> <span class='ocrx_word' id='word_1_204' title='bbox 1312 3399 1592 3475; x_wconf 85' lang='grc' dir='ltr'>μαρτυρεῖ</span> <span class='ocrx_word' id='word_1_205' title='bbox 1612 3421 1660 3457; x_wconf 96' lang='grc' dir='ltr'>κ.</span> <span class='ocrx_word' id='word_1_206' title='bbox 1678 3419 1729 3456; x_wconf 92' lang='grc' dir='ltr'>τ.</span> <span class='ocrx_word' id='word_1_207' title='bbox 1745 3392 1841 3480; x_wconf 86' lang='grc' dir='ltr'>λ.]</span> <span class='ocrx_word' id='word_1_208' title='bbox 1868 3390 2280 3479; x_wconf 82' lang='lat' dir='ltr'>Engelhardt.</span> 
     </span>
     <span class='ocr_line' id='line_1_29' title="bbox 596 3493 2285 3582; baseline -0.002 -21"><span class='ocrx_word' id='word_1_209' title='bbox 596 3493 826 3571; x_wconf 85' lang='lat' dir='ltr'>locum,</span> <span class='ocrx_word' id='word_1_210' title='bbox 848 3517 1038 3582; x_wconf 91' lang='lat' dir='ltr'>quem</span> <span class='ocrx_word' id='word_1_211' title='bbox 1058 3493 1485 3559; x_wconf 88' lang='lat' dir='ltr'>difficillimum</span> <span class='ocrx_word' id='word_1_212' title='bbox 1517 3518 1646 3559; x_wconf 87' lang='lat' dir='ltr'>esse</span> <span class='ocrx_word' id='word_1_213' title='bbox 1674 3494 1844 3574; x_wconf 91' lang='lat' dir='ltr'>dicit,</span> <span class='ocrx_word' id='word_1_214' title='bbox 1866 3496 1956 3559; x_wconf 84' lang='lat' dir='ltr'>ita</span> <span class='ocrx_word' id='word_1_215' title='bbox 1975 3495 2285 3582; x_wconf 87' lang='lat' dir='ltr'>integran-</span> 
     </span>
     <span class='ocr_line' id='line_1_30' title="bbox 599 3596 2279 3684; baseline 0.001 -23"><span class='ocrx_word' id='word_1_216' title='bbox 599 3596 750 3662; x_wconf 89' lang='lat' dir='ltr'>dum</span> <span class='ocrx_word' id='word_1_217' title='bbox 780 3597 1073 3684; x_wconf 78' lang='lat' dir='ltr'>opinatur</span> <span class='ocrx_word' id='word_1_218' title='bbox 1097 3599 1349 3662; x_wconf 75' lang='grc' dir='ltr'>ε-ὅταν</span> <span class='ocrx_word' id='word_1_219' title='bbox 1375 3597 1698 3663; x_wconf 88' lang='grc' dir='ltr'>λανθάνειν</span> <span class='ocrx_word' id='word_1_220' title='bbox 1725 3599 1872 3678; x_wconf 78' lang='grc' dir='ltr'>ἡμᾶς</span> <span class='ocrx_word' id='word_1_221' title='bbox 1898 3601 2001 3665; x_wconf 72' lang='grc' dir='ltr'>τὰς</span> <span class='ocrx_word' id='word_1_222' title='bbox 2027 3604 2143 3663; x_wconf 80' lang='grc' dir='ltr'>τῶν</span> <span class='ocrx_word' id='word_1_223' title='bbox 2172 3599 2279 3662; x_wconf 81' lang='grc' dir='ltr'>ἄλ-</span> 
     </span>
     <span class='ocr_line' id='line_1_31' title="bbox 599 3699 2283 3782; baseline 0.004 -20"><span class='ocrx_word' id='word_1_224' title='bbox 599 3708 724 3763; x_wconf 86' lang='grc' dir='ltr'>λων</span> <span class='ocrx_word' id='word_1_225' title='bbox 746 3700 1061 3782; x_wconf 81' lang='grc' dir='ltr'>δυστυχίας</span> <span class='ocrx_word' id='word_1_226' title='bbox 1091 3703 1242 3780; x_wconf 89' lang='grc' dir='ltr'>κερδ.</span> <span class='ocrx_word' id='word_1_227' title='bbox 1268 3699 1775 3780; x_wconf 80' lang='grc' dir='ltr'>ἡγ.-τιθεμε’νων</span> <span class='ocrx_word' id='word_1_228' title='bbox 1795 3699 2117 3765; x_wconf 89' lang='grc' dir='ltr'>λανθάνειν</span> <span class='ocrx_word' id='word_1_229' title='bbox 2136 3702 2283 3781; x_wconf 75' lang='grc' dir='ltr'>ἡμᾶς</span> 
     </span>
     <span class='ocr_line' id='line_1_32' title="bbox 600 3800 2283 3883; baseline 0.002 -19"><span class='ocrx_word' id='word_1_230' title='bbox 600 3801 704 3865; x_wconf 84' lang='grc' dir='ltr'>τὸν</span> <span class='ocrx_word' id='word_1_231' title='bbox 732 3805 836 3865; x_wconf 82' lang='grc' dir='ltr'>τοῦ</span> <span class='ocrx_word' id='word_1_232' title='bbox 875 3801 1130 3866; x_wconf 90' lang='grc' dir='ltr'>θανάτου</span> <span class='ocrx_word' id='word_1_233' title='bbox 1171 3800 1879 3883; x_wconf 78' lang='grc' dir='ltr'>καιρὸν-σκοπουμένων</span> <span class='ocrx_word' id='word_1_234' title='bbox 1909 3804 1976 3866; x_wconf 80' lang='grc' dir='ltr'>ἐν</span> <span class='ocrx_word' id='word_1_235' title='bbox 2004 3808 2130 3870; x_wconf 80' lang='grc' dir='ltr'>ταῖς</span> <span class='ocrx_word' id='word_1_236' title='bbox 2167 3810 2283 3868; x_wconf 81' lang='grc' dir='ltr'>τῶν</span> 
     </span>
     <span class='ocr_line' id='line_1_33' title="bbox 600 3905 2278 3988; baseline 0.001 -20"><span class='ocrx_word' id='word_1_237' title='bbox 600 3905 804 3968; x_wconf 78' lang='grc' dir='ltr'>ἄλλων</span> <span class='ocrx_word' id='word_1_238' title='bbox 862 3905 1198 3988; x_wconf 88' lang='grc' dir='ltr'>δυστυχίαις</span> <span class='ocrx_word' id='word_1_239' title='bbox 1260 3906 1422 3967; x_wconf 78' lang='grc' dir='ltr'>ἀλλὰ</span> <span class='ocrx_word' id='word_1_240' title='bbox 1480 3909 1597 3967; x_wconf 84' lang='grc' dir='ltr'>τῶν</span> <span class='ocrx_word' id='word_1_241' title='bbox 1655 3905 2278 3985; x_wconf 80' lang='grc' dir='ltr'>αὐτῶν-λυποίμεθα.</span> 
     </span>
     <span class='ocr_line' id='line_1_34' title="bbox 603 4004 2283 4095; baseline 0.001 -25"><span class='ocrx_word' id='word_1_242' title='bbox 603 4007 686 4071; x_wconf 89' lang='lat' dir='ltr'>At</span> <span class='ocrx_word' id='word_1_243' title='bbox 714 4029 863 4071; x_wconf 83' lang='lat' dir='ltr'>vero</span> <span class='ocrx_word' id='word_1_244' title='bbox 890 4006 1158 4071; x_wconf 83' lang='lat' dir='ltr'>debebat</span> <span class='ocrx_word' id='word_1_245' title='bbox 1200 4005 1483 4070; x_wconf 86' lang='lat' dir='ltr'>recedere</span> <span class='ocrx_word' id='word_1_246' title='bbox 1522 4006 1591 4070; x_wconf 95' lang='lat' dir='ltr'>h.</span> <span class='ocrx_word' id='word_1_247' title='bbox 1617 4004 1659 4070; x_wconf 93' lang='lat' dir='ltr'>l.</span> <span class='ocrx_word' id='word_1_248' title='bbox 1692 4030 1731 4071; x_wconf 89' lang='lat' dir='ltr'>a</span> <span class='ocrx_word' id='word_1_249' title='bbox 1759 4007 1961 4072; x_wconf 89' lang='lat' dir='ltr'>Ficini</span> <span class='ocrx_word' id='word_1_250' title='bbox 1990 4007 2283 4095; x_wconf 89' lang='lat' dir='ltr'>vestigiis,</span> 
     </span>
     <span class='ocr_line' id='line_1_35' title="bbox 603 4108 2284 4198; baseline 0.001 -25"><span class='ocrx_word' id='word_1_251' title='bbox 603 4109 711 4195; x_wconf 92' lang='lat' dir='ltr'>qui</span> <span class='ocrx_word' id='word_1_252' title='bbox 753 4132 848 4188; x_wconf 87' lang='lat' dir='ltr'>ec,</span> <span class='ocrx_word' id='word_1_253' title='bbox 879 4108 1052 4196; x_wconf 92' lang='lat' dir='ltr'>quod</span> <span class='ocrx_word' id='word_1_254' title='bbox 1094 4131 1217 4173; x_wconf 89' lang='lat' dir='ltr'>non</span> <span class='ocrx_word' id='word_1_255' title='bbox 1262 4108 1608 4173; x_wconf 88' lang='lat' dir='ltr'>attenderet</span> <span class='ocrx_word' id='word_1_256' title='bbox 1649 4109 1727 4173; x_wconf 88' lang='lat' dir='ltr'>ad</span> <span class='ocrx_word' id='word_1_257' title='bbox 1769 4110 1894 4174; x_wconf 90' lang='lat' dir='ltr'>vim</span> <span class='ocrx_word' id='word_1_258' title='bbox 1934 4124 2284 4198; x_wconf 90' lang='lat' dir='ltr'>temporum</span> 
     </span>
     <span class='ocr_line' id='line_1_36' title="bbox 601 4209 2284 4300; baseline 0.002 -26"><span class='ocrx_word' id='word_1_259' title='bbox 601 4212 665 4275; x_wconf 89' lang='lat' dir='ltr'>in</span> <span class='ocrx_word' id='word_1_260' title='bbox 711 4214 1152 4290; x_wconf 75' lang='grc' dir='ltr'>ἀποθανόντων,</span> <span class='ocrx_word' id='word_1_261' title='bbox 1192 4211 1407 4276; x_wconf 84' lang='lat' dir='ltr'>turbas</span> <span class='ocrx_word' id='word_1_262' title='bbox 1450 4209 1641 4276; x_wconf 80' lang='lat' dir='ltr'>dedit.</span> <span class='ocrx_word' id='word_1_263' title='bbox 1735 4214 1837 4277; x_wconf 92' lang='lat' dir='ltr'>De</span> <span class='ocrx_word' id='word_1_264' title='bbox 1879 4212 2070 4300; x_wconf 83' lang='lat' dir='ltr'>hujus</span> <span class='ocrx_word' id='word_1_265' title='bbox 2111 4214 2284 4279; x_wconf 89' lang='lat' dir='ltr'>verbi</span> 
     </span>
     <span class='ocr_line' id='line_1_37' title="bbox 603 4313 2284 4403; baseline 0.001 -24"><span class='ocrx_word' id='word_1_266' title='bbox 603 4317 993 4403; x_wconf 89' lang='lat' dir='ltr'>Temporum</span> <span class='ocrx_word' id='word_1_267' title='bbox 1036 4314 1281 4379; x_wconf 88' lang='lat' dir='ltr'>diverso</span> <span class='ocrx_word' id='word_1_268' title='bbox 1324 4313 1672 4401; x_wconf 86' lang='lat' dir='ltr'>significatu</span> <span class='ocrx_word' id='word_1_269' title='bbox 1707 4338 1832 4379; x_wconf 87' lang='lat' dir='ltr'>non</span> <span class='ocrx_word' id='word_1_270' title='bbox 1861 4329 1954 4380; x_wconf 91' lang='lat' dir='ltr'>est</span> <span class='ocrx_word' id='word_1_271' title='bbox 1982 4315 2153 4402; x_wconf 92' lang='lat' dir='ltr'>quod</span> <span class='ocrx_word' id='word_1_272' title='bbox 2179 4340 2284 4380; x_wconf 89' lang='lat' dir='ltr'>ex-</span> 
     </span>
     <span class='ocr_line' id='line_1_38' title="bbox 599 4417 2277 4506; baseline 0.001 -23"><span class='ocrx_word' id='word_1_273' title='bbox 599 4441 905 4506; x_wconf 80' lang='lat' dir='ltr'><strong>ponamus</strong></span> <span class='ocrx_word' id='word_1_274' title='bbox 931 4432 1073 4506; x_wconf 87' lang='lat' dir='ltr'>post</span> <span class='ocrx_word' id='word_1_275' title='bbox 1092 4417 1565 4504; x_wconf 86' lang='lat' dir='ltr'>Wyttenbachii</span> <span class='ocrx_word' id='word_1_276' title='bbox 1587 4417 1905 4504; x_wconf 87' lang='lat' dir='ltr'>disputata</span> <span class='ocrx_word' id='word_1_277' title='bbox 1931 4418 2011 4483; x_wconf 91' lang='lat' dir='ltr'>ad</span> <span class='ocrx_word' id='word_1_278' title='bbox 2040 4418 2277 4484; x_wconf 87' lang='lat' dir='ltr'>Platon.</span> 
     </span>
     <span class='ocr_line' id='line_1_39' title="bbox 604 4520 2283 4608; baseline 0 -22"><span class='ocrx_word' id='word_1_279' title='bbox 604 4521 904 4586; x_wconf 83' lang='lat' dir='ltr'>Phaedon.</span> <span class='ocrx_word' id='word_1_280' title='bbox 937 4544 1001 4608; x_wconf 85' lang='lat' dir='ltr'>p.</span> <span class='ocrx_word' id='word_1_281' title='bbox 1036 4541 1175 4601; x_wconf 94' lang='grc'><strong>142.</strong></span> <span class='ocrx_word' id='word_1_282' title='bbox 1210 4545 1345 4608; x_wconf 90' lang='lat' dir='ltr'>sqq.</span> <span class='ocrx_word' id='word_1_283' title='bbox 1425 4522 1637 4608; x_wconf 90' lang='lat' dir='ltr'>Caput</span> <span class='ocrx_word' id='word_1_284' title='bbox 1665 4520 1754 4585; x_wconf 91' lang='lat' dir='ltr'>rei</span> <span class='ocrx_word' id='word_1_285' title='bbox 1783 4536 1898 4599; x_wconf 90' lang='lat' dir='ltr'>est,</span> <span class='ocrx_word' id='word_1_286' title='bbox 1930 4545 2053 4586; x_wconf 90' lang='lat' dir='ltr'>non</span> <span class='ocrx_word' id='word_1_287' title='bbox 2085 4522 2283 4586; x_wconf 90' lang='lat' dir='ltr'>immi-</span> 
     </span>
     <span class='ocr_line' id='line_1_40' title="bbox 602 4623 2284 4711; baseline 0 -22"><span class='ocrx_word' id='word_1_288' title='bbox 602 4640 849 4689; x_wconf 88' lang='lat' dir='ltr'>nentem</span> <span class='ocrx_word' id='word_1_289' title='bbox 894 4638 1154 4689; x_wconf 91' lang='lat' dir='ltr'>mortem</span> <span class='ocrx_word' id='word_1_290' title='bbox 1207 4623 1534 4711; x_wconf 86' lang='lat' dir='ltr'>significari</span> <span class='ocrx_word' id='word_1_291' title='bbox 1586 4646 1624 4687; x_wconf 91' lang='lat' dir='ltr'>a</span> <span class='ocrx_word' id='word_1_292' title='bbox 1669 4624 1941 4702; x_wconf 91' lang='lat' dir='ltr'>Plotino,</span> <span class='ocrx_word' id='word_1_293' title='bbox 1988 4624 2095 4689; x_wconf 89' lang='lat' dir='ltr'>sed</span> <span class='ocrx_word' id='word_1_294' title='bbox 2141 4647 2284 4711; x_wconf 84' lang='lat' dir='ltr'>quae</span> 
     </span>
     <span class='ocr_line' id='line_1_41' title="bbox 593 4726 2286 4815; baseline 0 -23"><span class='ocrx_word' id='word_1_295' title='bbox 593 4728 727 4814; x_wconf 87' lang='lat' dir='ltr'>jam</span> <span class='ocrx_word' id='word_1_296' title='bbox 756 4741 1009 4814; x_wconf 86' lang='lat' dir='ltr'>peracta</span> <span class='ocrx_word' id='word_1_297' title='bbox 1042 4726 1138 4791; x_wconf 89' lang='lat' dir='ltr'>sit.</span> <span class='ocrx_word' id='word_1_298' title='bbox 1229 4728 1454 4813; x_wconf 88' lang='lat' dir='ltr'>Neque</span> <span class='ocrx_word' id='word_1_299' title='bbox 1481 4749 1628 4790; x_wconf 87' lang='lat' dir='ltr'>vero</span> <span class='ocrx_word' id='word_1_300' title='bbox 1656 4730 2018 4806; x_wconf 84' lang='grc' dir='ltr'>τεθνηκότων</span> <span class='ocrx_word' id='word_1_301' title='bbox 2047 4727 2286 4815; x_wconf 80' lang='lat' dir='ltr'>scripsit</span> 
     </span>
     <span class='ocr_line' id='line_1_42' title="bbox 603 4829 2285 4917; baseline 0.001 -23"><span class='ocrx_word' id='word_1_302' title='bbox 603 4829 910 4910; x_wconf 88' lang='lat' dir='ltr'>Plotinus,</span> <span class='ocrx_word' id='word_1_303' title='bbox 943 4829 1115 4917; x_wconf 92' lang='lat' dir='ltr'>quod</span> <span class='ocrx_word' id='word_1_304' title='bbox 1143 4829 1328 4894; x_wconf 82' lang='lat' dir='ltr'>etiam</span> <span class='ocrx_word' id='word_1_305' title='bbox 1370 4829 1452 4894; x_wconf 89' lang='lat' dir='ltr'>ad</span> <span class='ocrx_word' id='word_1_306' title='bbox 1495 4852 1599 4894; x_wconf 91' lang='lat' dir='ltr'>eos</span> <span class='ocrx_word' id='word_1_307' title='bbox 1643 4830 2000 4917; x_wconf 85' lang='lat' dir='ltr'>pertineret,</span> <span class='ocrx_word' id='word_1_308' title='bbox 2030 4830 2138 4917; x_wconf 92' lang='lat' dir='ltr'>qui</span> <span class='ocrx_word' id='word_1_309' title='bbox 2169 4831 2285 4895; x_wconf 92' lang='lat' dir='ltr'>du-</span> 
     </span>
     <span class='ocr_line' id='line_1_43' title="bbox 602 4931 2285 5020; baseline 0.002 -24"><span class='ocrx_word' id='word_1_310' title='bbox 602 4931 758 4997; x_wconf 90' lang='lat' dir='ltr'>dum</span> <span class='ocrx_word' id='word_1_311' title='bbox 800 4932 1029 4998; x_wconf 88' lang='lat' dir='ltr'>mortui</span> <span class='ocrx_word' id='word_1_312' title='bbox 1071 4946 1293 5011; x_wconf 87' lang='lat' dir='ltr'>essent,</span> <span class='ocrx_word' id='word_1_313' title='bbox 1338 4932 1446 4996; x_wconf 90' lang='lat' dir='ltr'>sed</span> <span class='ocrx_word' id='word_1_314' title='bbox 1490 4935 1929 5011; x_wconf 79' lang='grc' dir='ltr'>ἀποθανόντων,</span> <span class='ocrx_word' id='word_1_315' title='bbox 1965 4932 2139 5020; x_wconf 92' lang='lat' dir='ltr'>quod</span> <span class='ocrx_word' id='word_1_316' title='bbox 2180 4957 2285 4999; x_wconf 88' lang='lat' dir='ltr'>eos</span> 
     </span>
     <span class='ocr_line' id='line_1_44' title="bbox 603 5034 2288 5124; baseline 0 -24"><span class='ocrx_word' id='word_1_317' title='bbox 603 5035 927 5122; x_wconf 87' lang='lat' dir='ltr'>significat,</span> <span class='ocrx_word' id='word_1_318' title='bbox 955 5035 1065 5123; x_wconf 92' lang='lat' dir='ltr'>qui</span> <span class='ocrx_word' id='word_1_319' title='bbox 1084 5035 1344 5122; x_wconf 87' lang='lat' dir='ltr'>jamjam</span> <span class='ocrx_word' id='word_1_320' title='bbox 1374 5035 1581 5100; x_wconf 86' lang='lat' dir='ltr'>vivere</span> <span class='ocrx_word' id='word_1_321' title='bbox 1611 5034 1943 5100; x_wconf 86' lang='lat' dir='ltr'>desierunt.</span> <span class='ocrx_word' id='word_1_322' title='bbox 2039 5035 2288 5124; x_wconf 91' lang='lat' dir='ltr'>Simpli-</span> 
     </span>
     <span class='ocr_line' id='line_1_45' title="bbox 598 5137 2287 5226; baseline 0.001 -23"><span class='ocrx_word' id='word_1_323' title='bbox 598 5137 735 5203; x_wconf 85' lang='lat' dir='ltr'>cius</span> <span class='ocrx_word' id='word_1_324' title='bbox 776 5137 840 5202; x_wconf 90' lang='lat' dir='ltr'>in</span> <span class='ocrx_word' id='word_1_325' title='bbox 881 5137 1205 5204; x_wconf 83' lang='lat' dir='ltr'>Aristotel.</span> <span class='ocrx_word' id='word_1_326' title='bbox 1242 5137 1435 5226; x_wconf 88' lang='lat' dir='ltr'>Phys.</span> <span class='ocrx_word' id='word_1_327' title='bbox 1465 5139 1580 5202; x_wconf 92' lang='lat' dir='ltr'>VI.</span> <span class='ocrx_word' id='word_1_328' title='bbox 1629 5161 1692 5225; x_wconf 91' lang='lat' dir='ltr'><strong>p.</strong></span> <span class='ocrx_word' id='word_1_329' title='bbox 1734 5158 1873 5224; x_wconf 87' lang='lat'><strong>129.</strong></span> <span class='ocrx_word' id='word_1_330' title='bbox 1907 5139 1968 5202; x_wconf 96' lang='lat' dir='ltr'>b.</span> <span class='ocrx_word' id='word_1_331' title='bbox 2014 5141 2287 5220; x_wconf 85' lang='grc' dir='ltr'>σημαίνει</span> 
     </span>
     <span class='ocr_line' id='line_1_46' title="bbox 603 5240 2283 5323; baseline 0 -17"><span class='ocrx_word' id='word_1_332' title='bbox 603 5244 669 5306; x_wconf 78' lang='grc' dir='ltr'>δὲ</span> <span class='ocrx_word' id='word_1_333' title='bbox 697 5241 764 5306; x_wconf 83' lang='grc' dir='ltr'>τὸ</span> <span class='ocrx_word' id='word_1_334' title='bbox 787 5243 900 5322; x_wconf 80' lang='grc' dir='ltr'>μὲν</span> <span class='ocrx_word' id='word_1_335' title='bbox 929 5240 1189 5306; x_wconf 84' lang='grc' dir='ltr'>άπέθανε</span> <span class='ocrx_word' id='word_1_336' title='bbox 1216 5242 1324 5321; x_wconf 77' lang='grc' dir='ltr'>τὴν</span> <span class='ocrx_word' id='word_1_337' title='bbox 1351 5243 1585 5323; x_wconf 71' lang='grc' dir='ltr'>πρώτην</span> <span class='ocrx_word' id='word_1_338' title='bbox 1614 5241 1730 5305; x_wconf 82' lang='grc' dir='ltr'>άπὸ</span> <span class='ocrx_word' id='word_1_339' title='bbox 1764 5246 1868 5305; x_wconf 80' lang='grc' dir='ltr'>τοῦ</span> <span class='ocrx_word' id='word_1_340' title='bbox 1893 5246 1998 5323; x_wconf 81' lang='grc' dir='ltr'>ζῇν</span> <span class='ocrx_word' id='word_1_341' title='bbox 2025 5249 2283 5322; x_wconf 85' lang='grc' dir='ltr'>μεταβο-</span> 
     </span>
     <span class='ocr_line' id='line_1_47' title="bbox 601 5343 2288 5432; baseline 0.001 -24"><span class='ocrx_word' id='word_1_342' title='bbox 601 5343 737 5424; x_wconf 83' lang='grc' dir='ltr'>λήν.</span> <span class='ocrx_word' id='word_1_343' title='bbox 829 5346 989 5423; x_wconf 85' lang='lat' dir='ltr'>Quae</span> <span class='ocrx_word' id='word_1_344' title='bbox 1039 5343 1401 5431; x_wconf 86' lang='lat' dir='ltr'>significatio</span> <span class='ocrx_word' id='word_1_345' title='bbox 1443 5345 1504 5409; x_wconf 91' lang='lat' dir='ltr'>h.</span> <span class='ocrx_word' id='word_1_346' title='bbox 1539 5344 1580 5409; x_wconf 95' lang='lat' dir='ltr'>l.</span> <span class='ocrx_word' id='word_1_347' title='bbox 1631 5344 1879 5432; x_wconf 84' lang='lat' dir='ltr'>gravior</span> <span class='ocrx_word' id='word_1_348' title='bbox 1926 5358 2038 5410; x_wconf 89' lang='lat' dir='ltr'>est.</span> <span class='ocrx_word' id='word_1_349' title='bbox 2133 5344 2288 5410; x_wconf 85' lang='lat' dir='ltr'>Vult</span> 
     </span>
     <span class='ocr_line' id='line_1_48' title="bbox 603 5445 2289 5535; baseline 0 -24"><span class='ocrx_word' id='word_1_350' title='bbox 603 5447 768 5511; x_wconf 90' lang='lat' dir='ltr'>enim</span> <span class='ocrx_word' id='word_1_351' title='bbox 796 5445 1204 5535; x_wconf 89' lang='lat' dir='ltr'>philosophus</span> <span class='ocrx_word' id='word_1_352' title='bbox 1233 5463 1476 5513; x_wconf 87' lang='lat' dir='ltr'>noster:</span> <span class='ocrx_word' id='word_1_353' title='bbox 1521 5447 1710 5514; x_wconf 91' lang='lat' dir='ltr'>modo</span> <span class='ocrx_word' id='word_1_354' title='bbox 1737 5470 1815 5512; x_wconf 89' lang='lat' dir='ltr'>ne</span> <span class='ocrx_word' id='word_1_355' title='bbox 1841 5447 1949 5513; x_wconf 91' lang='lat' dir='ltr'>illa</span> <span class='ocrx_word' id='word_1_356' title='bbox 1976 5447 2173 5513; x_wconf 90' lang='lat' dir='ltr'>tristia</span> <span class='ocrx_word' id='word_1_357' title='bbox 2198 5447 2289 5512; x_wconf 90' lang='lat' dir='ltr'>in-</span> 
     </span>
    </p>
   </div>
   <div class='ocr_carea' id='block_1_4' title="bbox 600 5549 2291 5711">
    <p class='ocr_par' dir='ltr' id='par_1_7' title="bbox 600 5549 2291 5711">
     <span class='ocr_line' id='line_1_49' title="bbox 600 5549 2291 5639; baseline 0.001 -24"><span class='ocrx_word' id='word_1_358' title='bbox 600 5550 814 5616; x_wconf 84' lang='lat' dir='ltr'>cidant</span> <span class='ocrx_word' id='word_1_359' title='bbox 854 5549 919 5614; x_wconf 91' lang='lat' dir='ltr'>in</span> <span class='ocrx_word' id='word_1_360' title='bbox 955 5550 1100 5615; x_wconf 86' lang='lat' dir='ltr'>vitae</span> <span class='ocrx_word' id='word_1_361' title='bbox 1142 5565 1369 5616; x_wconf 83' lang='lat' dir='ltr'>nostrae</span> <span class='ocrx_word' id='word_1_362' title='bbox 1415 5551 1705 5639; x_wconf 88' lang='lat' dir='ltr'>spatium,</span> <span class='ocrx_word' id='word_1_363' title='bbox 1748 5551 1797 5615; x_wconf 91' lang='lat' dir='ltr'>si</span> <span class='ocrx_word' id='word_1_364' title='bbox 1840 5566 2106 5617; x_wconf 90' lang='lat' dir='ltr'>mortem</span> <span class='ocrx_word' id='word_1_365' title='bbox 2152 5573 2291 5617; x_wconf 89' lang='lat' dir='ltr'>nos-</span> 
     </span>
     <span class='ocr_line' id='line_1_50' title="bbox 708 5658 1054 5711; baseline 0.012 -4"><span class='ocrx_word' id='word_1_366' title='bbox 708 5658 892 5710; x_wconf 84' lang='lat' dir='ltr'>voL.</span> <span class='ocrx_word' id='word_1_367' title='bbox 932 5659 1054 5711; x_wconf 93' lang='lat'><strong>111.</strong></span> 
     </span>
    </p>
   </div>
   <div class='ocr_carea' id='block_1_5' title="bbox 3961 554 4040 627">
    <p class='ocr_par' dir='ltr' id='par_1_8' title="bbox 3961 554 4040 627">
     <span class='ocr_line' id='line_1_51' title="bbox 3961 554 4040 627; baseline 0 0"><span class='ocrx_word' id='word_1_368' title='bbox 3961 554 4040 627; x_wconf 86' lang='lat'>25</span> 
     </span>
    </p>
   </div>
   <div class='ocr_carea' id='block_1_6' title="bbox 2360 710 4118 5538">
    <p class='ocr_par' dir='ltr' id='par_1_9' title="bbox 2360 710 4054 5023">
     <span class='ocr_line' id='line_1_52' title="bbox 2362 710 4042 802; baseline -0.002 -22"><span class='ocrx_word' id='word_1_369' title='bbox 2362 729 2523 780; x_wconf 90' lang='lat' dir='ltr'>tram</span> <span class='ocrx_word' id='word_1_370' title='bbox 2551 713 2847 780; x_wconf 87' lang='lat' dir='ltr'>continuo</span> <span class='ocrx_word' id='word_1_371' title='bbox 2875 712 3206 802; x_wconf 79' lang='lat' dir='ltr'>excipiant,</span> <span class='ocrx_word' id='word_1_372' title='bbox 3235 711 3354 776; x_wconf 88' lang='lat' dir='ltr'>hoc</span> <span class='ocrx_word' id='word_1_373' title='bbox 3391 710 3546 776; x_wconf 90' lang='lat' dir='ltr'>nihil</span> <span class='ocrx_word' id='word_1_374' title='bbox 3577 711 3663 776; x_wconf 84' lang='lat' dir='ltr'>ad</span> <span class='ocrx_word' id='word_1_375' title='bbox 3701 733 3815 777; x_wconf 88' lang='lat' dir='ltr'>nos</span> <span class='ocrx_word' id='word_1_376' title='bbox 3854 710 4042 797; x_wconf 88' lang='lat' dir='ltr'>perti-</span> 
     </span>
     <span class='ocr_line' id='line_1_53' title="bbox 2361 812 4042 882; baseline -0.002 0"><span class='ocrx_word' id='word_1_377' title='bbox 2361 840 2525 882; x_wconf 89' lang='lat' dir='ltr'>nere.</span> <span class='ocrx_word' id='word_1_378' title='bbox 2641 815 2888 882; x_wconf 88' lang='lat' dir='ltr'>Deinde</span> <span class='ocrx_word' id='word_1_379' title='bbox 2946 816 3154 881; x_wconf 86' lang='lat' dir='ltr'>subita</span> <span class='ocrx_word' id='word_1_380' title='bbox 3206 813 3522 881; x_wconf 77' lang='lat' dir='ltr'>conversio</span> <span class='ocrx_word' id='word_1_381' title='bbox 3576 812 4042 881; x_wconf 73' lang='lat' dir='ltr'>constructionis</span> 
     </span>
     <span class='ocr_line' id='line_1_54' title="bbox 2362 916 4042 1002; baseline -0.002 -18"><span class='ocrx_word' id='word_1_382' title='bbox 2362 921 2507 985; x_wconf 80' lang='grc' dir='ltr'>ὄταν</span> <span class='ocrx_word' id='word_1_383' title='bbox 2533 921 2811 1002; x_wconf 74' lang='grc' dir='ltr'>ἡγώμεθα</span> <span class='ocrx_word' id='word_1_384' title='bbox 2849 934 2913 984; x_wconf 91' lang='lat' dir='ltr'>et</span> <span class='ocrx_word' id='word_1_385' title='bbox 2951 918 3270 999; x_wconf 78' lang='grc' dir='ltr'>τιθεμένων</span> <span class='ocrx_word' id='word_1_386' title='bbox 3297 940 3422 984; x_wconf 84' lang='grc'><strong>11011</strong></span> <span class='ocrx_word' id='word_1_387' title='bbox 3451 917 3638 984; x_wconf 86' lang='lat' dir='ltr'>debet</span> <span class='ocrx_word' id='word_1_388' title='bbox 3665 917 3821 982; x_wconf 87' lang='lat' dir='ltr'>mira</span> <span class='ocrx_word' id='word_1_389' title='bbox 3845 916 4042 983; x_wconf 83' lang='lat' dir='ltr'>videri</span> 
     </span>
     <span class='ocr_line' id='line_1_55' title="bbox 2360 1019 4044 1111; baseline -0.001 -24"><span class='ocrx_word' id='word_1_390' title='bbox 2360 1022 2426 1087; x_wconf 97' lang='lat' dir='ltr'>in</span> <span class='ocrx_word' id='word_1_391' title='bbox 2455 1022 2575 1088; x_wconf 87' lang='lat' dir='ltr'>hoc</span> <span class='ocrx_word' id='word_1_392' title='bbox 2600 1022 2854 1111; x_wconf 90' lang='lat' dir='ltr'>quidem</span> <span class='ocrx_word' id='word_1_393' title='bbox 2885 1021 3198 1109; x_wconf 84' lang='lat' dir='ltr'>scriptore.</span> <span class='ocrx_word' id='word_1_394' title='bbox 3262 1021 3607 1086; x_wconf 84' lang='lat' dir='ltr'>Universus</span> <span class='ocrx_word' id='word_1_395' title='bbox 3633 1035 3844 1085; x_wconf 86' lang='lat' dir='ltr'>autem</span> <span class='ocrx_word' id='word_1_396' title='bbox 3871 1019 4044 1086; x_wconf 88' lang='lat' dir='ltr'>locus</span> 
     </span>
     <span class='ocr_line' id='line_1_56' title="bbox 2361 1122 4045 1213; baseline -0.002 -23"><span class='ocrx_word' id='word_1_397' title='bbox 2361 1125 2442 1190; x_wconf 87' lang='lat' dir='ltr'>ad</span> <span class='ocrx_word' id='word_1_398' title='bbox 2471 1125 2773 1190; x_wconf 88' lang='lat' dir='ltr'>librorum</span> <span class='ocrx_word' id='word_1_399' title='bbox 2804 1125 3183 1213; x_wconf 90' lang='lat' dir='ltr'>optimorum</span> <span class='ocrx_word' id='word_1_400' title='bbox 3223 1124 3410 1190; x_wconf 88' lang='lat' dir='ltr'>fidem</span> <span class='ocrx_word' id='word_1_401' title='bbox 3441 1138 3504 1190; x_wconf 90' lang='lat' dir='ltr'>et</span> <span class='ocrx_word' id='word_1_402' title='bbox 3541 1122 3895 1212; x_wconf 88' lang='lat' dir='ltr'>paullulum</span> <span class='ocrx_word' id='word_1_403' title='bbox 3931 1123 4045 1187; x_wconf 92' lang='lat' dir='ltr'>im-</span> 
     </span>
     <span class='ocr_line' id='line_1_57' title="bbox 2361 1225 4045 1316; baseline -0.001 -24"><span class='ocrx_word' id='word_1_404' title='bbox 2361 1243 2605 1294; x_wconf 90' lang='lat' dir='ltr'>mutata</span> <span class='ocrx_word' id='word_1_405' title='bbox 2630 1227 3124 1316; x_wconf 87' lang='lat' dir='ltr'>interpunctione</span> <span class='ocrx_word' id='word_1_406' title='bbox 3151 1228 3239 1293; x_wconf 89' lang='lat' dir='ltr'>ita</span> <span class='ocrx_word' id='word_1_407' title='bbox 3267 1227 3601 1293; x_wconf 89' lang='lat' dir='ltr'>vertendus</span> <span class='ocrx_word' id='word_1_408' title='bbox 3627 1241 3758 1292; x_wconf 90' lang='lat' dir='ltr'>est:</span> <span class='ocrx_word' id='word_1_409' title='bbox 3804 1234 3848 1266; x_wconf 91' lang='lat'><strong>“</strong></span> <span class='ocrx_word' id='word_1_410' title='bbox 3870 1225 4045 1315; x_wconf 91' lang='lat' dir='ltr'>quod</span> 
     </span>
     <span class='ocr_line' id='line_1_58' title="bbox 2362 1328 4047 1419; baseline 0 -25"><span class='ocrx_word' id='word_1_411' title='bbox 2362 1332 2570 1419; x_wconf 83' lang='lat' dir='ltr'>ipsum</span> <span class='ocrx_word' id='word_1_412' title='bbox 2627 1332 2738 1414; x_wconf 90' lang='lat' dir='ltr'>(sc.</span> <span class='ocrx_word' id='word_1_413' title='bbox 2793 1331 2981 1396; x_wconf 87' lang='lat' dir='ltr'>animi</span> <span class='ocrx_word' id='word_1_414' title='bbox 3031 1331 3224 1396; x_wconf 89' lang='lat' dir='ltr'>nostri</span> <span class='ocrx_word' id='word_1_415' title='bbox 3279 1330 3787 1416; x_wconf 85' lang='lat' dir='ltr'>imbecillitatem)</span> <span class='ocrx_word' id='word_1_416' title='bbox 3837 1328 4047 1417; x_wconf 84' lang='lat' dir='ltr'>arguit</span> 
     </span>
     <span class='ocr_line' id='line_1_59' title="bbox 2360 1431 4043 1521; baseline -0.001 -23"><span class='ocrx_word' id='word_1_417' title='bbox 2360 1434 2503 1513; x_wconf 87' lang='lat' dir='ltr'>hoc,</span> <span class='ocrx_word' id='word_1_418' title='bbox 2534 1435 2585 1499; x_wconf 90' lang='lat' dir='ltr'>si</span> <span class='ocrx_word' id='word_1_419' title='bbox 2613 1434 2769 1500; x_wconf 89' lang='lat' dir='ltr'>lucri</span> <span class='ocrx_word' id='word_1_420' title='bbox 2795 1432 2932 1500; x_wconf 91' lang='lat' dir='ltr'>loco</span> <span class='ocrx_word' id='word_1_421' title='bbox 2957 1434 3295 1500; x_wconf 90' lang='lat' dir='ltr'>habeamus</span> <span class='ocrx_word' id='word_1_422' title='bbox 3321 1433 3511 1499; x_wconf 86' lang='lat' dir='ltr'>latere</span> <span class='ocrx_word' id='word_1_423' title='bbox 3539 1456 3650 1499; x_wconf 89' lang='lat' dir='ltr'>nos</span> <span class='ocrx_word' id='word_1_424' title='bbox 3681 1431 3816 1517; x_wconf 87' lang='lat' dir='ltr'>(illa</span> <span class='ocrx_word' id='word_1_425' title='bbox 3852 1433 4043 1521; x_wconf 89' lang='lat' dir='ltr'>lugu·</span> 
     </span>
     <span class='ocr_line' id='line_1_60' title="bbox 2363 1536 4046 1625; baseline -0.001 -23"><span class='ocrx_word' id='word_1_426' title='bbox 2363 1537 2526 1622; x_wconf 88' lang='lat' dir='ltr'>bria)</span> <span class='ocrx_word' id='word_1_427' title='bbox 2571 1536 2846 1625; x_wconf 90' lang='lat' dir='ltr'>itemque</span> <span class='ocrx_word' id='word_1_428' title='bbox 2897 1537 2946 1602; x_wconf 90' lang='lat' dir='ltr'>si</span> <span class='ocrx_word' id='word_1_429' title='bbox 2992 1537 3056 1601; x_wconf 98' lang='lat' dir='ltr'>in</span> <span class='ocrx_word' id='word_1_430' title='bbox 3106 1537 3281 1603; x_wconf 84' lang='lat' dir='ltr'>lucro</span> <span class='ocrx_word' id='word_1_431' title='bbox 3326 1560 3654 1625; x_wconf 90' lang='lat' dir='ltr'>ponamus,</span> <span class='ocrx_word' id='word_1_432' title='bbox 3699 1537 3886 1602; x_wconf 91' lang='lat' dir='ltr'>modo</span> <span class='ocrx_word' id='word_1_433' title='bbox 3928 1537 4046 1602; x_wconf 89' lang='lat' dir='ltr'>ista</span> 
     </span>
     <span class='ocr_line' id='line_1_61' title="bbox 2368 1639 4043 1729; baseline 0.001 -25"><span class='ocrx_word' id='word_1_434' title='bbox 2368 1640 2718 1728; x_wconf 87' lang='lat' dir='ltr'>(lugubria)</span> <span class='ocrx_word' id='word_1_435' title='bbox 2766 1641 3047 1706; x_wconf 88' lang='lat' dir='ltr'>accidant</span> <span class='ocrx_word' id='word_1_436' title='bbox 3086 1654 3489 1729; x_wconf 86' lang='lat' dir='ltr'>posteaquam</span> <span class='ocrx_word' id='word_1_437' title='bbox 3535 1663 3648 1705; x_wconf 89' lang='lat' dir='ltr'>nos</span> <span class='ocrx_word' id='word_1_438' title='bbox 3692 1639 3857 1705; x_wconf 89' lang='lat' dir='ltr'>diem</span> <span class='ocrx_word' id='word_1_439' title='bbox 3900 1663 4043 1705; x_wconf 88' lang='lat' dir='ltr'>nos-</span> 
     </span>
     <span class='ocr_line' id='line_1_62' title="bbox 2364 1743 4045 1832; baseline -0.001 -22"><span class='ocrx_word' id='word_1_440' title='bbox 2364 1759 2530 1810; x_wconf 90' lang='lat' dir='ltr'>trum</span> <span class='ocrx_word' id='word_1_441' title='bbox 2587 1744 2942 1823; x_wconf 90' lang='lat' dir='ltr'>obierimus,</span> <span class='ocrx_word' id='word_1_442' title='bbox 2987 1743 3282 1808; x_wconf 89' lang='lat' dir='ltr'>nimirum</span> <span class='ocrx_word' id='word_1_443' title='bbox 3332 1766 3457 1808; x_wconf 90' lang='lat' dir='ltr'>non</span> <span class='ocrx_word' id='word_1_444' title='bbox 3515 1758 3857 1832; x_wconf 89' lang='lat' dir='ltr'>spectantes</span> <span class='ocrx_word' id='word_1_445' title='bbox 3909 1745 4045 1827; x_wconf 91' lang='lat' dir='ltr'>(cu-</span> 
     </span>
     <span class='ocr_line' id='line_1_63' title="bbox 2364 1846 4047 1935; baseline 0.001 -26"><span class='ocrx_word' id='word_1_446' title='bbox 2364 1851 2600 1932; x_wconf 87' lang='lat' dir='ltr'>rantes)</span> <span class='ocrx_word' id='word_1_447' title='bbox 2632 1869 2776 1935; x_wconf 84' lang='lat' dir='ltr'>quae</span> <span class='ocrx_word' id='word_1_448' title='bbox 2803 1846 3053 1911; x_wconf 89' lang='lat' dir='ltr'>illorum</span> <span class='ocrx_word' id='word_1_449' title='bbox 3096 1846 3348 1912; x_wconf 88' lang='lat' dir='ltr'>interest</span> <span class='ocrx_word' id='word_1_450' title='bbox 3381 1847 3520 1935; x_wconf 90' lang='lat' dir='ltr'>(qui</span> <span class='ocrx_word' id='word_1_451' title='bbox 3561 1846 3783 1934; x_wconf 88' lang='lat' dir='ltr'>reliqui</span> <span class='ocrx_word' id='word_1_452' title='bbox 3824 1871 3897 1912; x_wconf 89' lang='lat' dir='ltr'>ac</span> <span class='ocrx_word' id='word_1_453' title='bbox 3940 1870 4047 1911; x_wconf 85' lang='lat' dir='ltr'>su-</span> 
     </span>
     <span class='ocr_line' id='line_1_64' title="bbox 2363 1949 4047 2037; baseline 0.001 -24"><span class='ocrx_word' id='word_1_454' title='bbox 2363 1949 2649 2037; x_wconf 89' lang='lat' dir='ltr'>perstites</span> <span class='ocrx_word' id='word_1_455' title='bbox 2697 1949 3081 2037; x_wconf 86' lang='lat' dir='ltr'>patiuntur),</span> <span class='ocrx_word' id='word_1_456' title='bbox 3134 1973 3348 2015; x_wconf 88' lang='lat' dir='ltr'>verum</span> <span class='ocrx_word' id='word_1_457' title='bbox 3401 1973 3547 2037; x_wconf 83' lang='lat' dir='ltr'>quae</span> <span class='ocrx_word' id='word_1_458' title='bbox 3599 1961 3811 2016; x_wconf 88' lang='lat' dir='ltr'>nostra</span> <span class='ocrx_word' id='word_1_459' title='bbox 3857 1950 4047 2015; x_wconf 86' lang='lat' dir='ltr'>refert</span> 
     </span>
     <span class='ocr_line' id='line_1_65' title="bbox 2368 2052 4049 2141; baseline 0.001 -25"><span class='ocrx_word' id='word_1_460' title='bbox 2368 2052 2465 2136; x_wconf 86' lang='grc' dir='ltr'>(τὸ</span> <span class='ocrx_word' id='word_1_461' title='bbox 2505 2055 2751 2136; x_wconf 74' lang='grc' dir='ltr'>αὐτῶν),</span> <span class='ocrx_word' id='word_1_462' title='bbox 2784 2069 2856 2118; x_wconf 90' lang='lat' dir='ltr'>ut</span> <span class='ocrx_word' id='word_1_463' title='bbox 2898 2076 2976 2118; x_wconf 92' lang='lat' dir='ltr'>ne</span> <span class='ocrx_word' id='word_1_464' title='bbox 3017 2053 3380 2141; x_wconf 88' lang='lat' dir='ltr'>affligamur.</span> <span class='ocrx_word' id='word_1_465' title='bbox 3473 2055 3636 2118; x_wconf 81' lang='lat' dir='ltr'>Haec</span> <span class='ocrx_word' id='word_1_466' title='bbox 3663 2076 3811 2118; x_wconf 87' lang='lat' dir='ltr'>vero</span> <span class='ocrx_word' id='word_1_467' title='bbox 3838 2068 4049 2119; x_wconf 89' lang='lat' dir='ltr'>nostra</span> 
     </span>
     <span class='ocr_line' id='line_1_66' title="bbox 2363 2154 4042 2243; baseline 0.002 -25"><span class='ocrx_word' id='word_1_468' title='bbox 2363 2154 2750 2220; x_wconf 86' lang='lat' dir='ltr'>imbecillitas</span> <span class='ocrx_word' id='word_1_469' title='bbox 2791 2169 2906 2234; x_wconf 88' lang='lat' dir='ltr'>est,</span> <span class='ocrx_word' id='word_1_470' title='bbox 2941 2177 3129 2242; x_wconf 89' lang='lat' dir='ltr'>quam</span> <span class='ocrx_word' id='word_1_471' title='bbox 3176 2178 3288 2220; x_wconf 88' lang='lat' dir='ltr'>nos</span> <span class='ocrx_word' id='word_1_472' title='bbox 3329 2169 3572 2243; x_wconf 89' lang='lat' dir='ltr'>oportet</span> <span class='ocrx_word' id='word_1_473' title='bbox 3604 2158 3749 2241; x_wconf 84' lang='grc' dir='ltr'>(δεῖ)</span> <span class='ocrx_word' id='word_1_474' title='bbox 3780 2156 4042 2221; x_wconf 87' lang='lat' dir='ltr'>circum-</span> 
     </span>
     <span class='ocr_line' id='line_1_67' title="bbox 2364 2256 4041 2345; baseline 0.002 -25"><span class='ocrx_word' id='word_1_475' title='bbox 2364 2257 2589 2336; x_wconf 88' lang='lat' dir='ltr'>cidere,</span> <span class='ocrx_word' id='word_1_476' title='bbox 2640 2281 2842 2345; x_wconf 90' lang='lat' dir='ltr'>neque</span> <span class='ocrx_word' id='word_1_477' title='bbox 2885 2281 3035 2323; x_wconf 82' lang='lat' dir='ltr'>vero</span> <span class='ocrx_word' id='word_1_478' title='bbox 3083 2256 3465 2344; x_wconf 85' lang='lat' dir='ltr'>negligentes</span> <span class='ocrx_word' id='word_1_479' title='bbox 3516 2258 3823 2345; x_wconf 88' lang='lat' dir='ltr'>(adeoque</span> <span class='ocrx_word' id='word_1_480' title='bbox 3870 2259 4041 2323; x_wconf 90' lang='lat' dir='ltr'>inva-</span> 
     </span>
     <span class='ocr_line' id='line_1_68' title="bbox 2366 2359 4041 2448; baseline 0.001 -24"><span class='ocrx_word' id='word_1_481' title='bbox 2366 2359 2593 2424; x_wconf 90' lang='lat' dir='ltr'>lescere</span> <span class='ocrx_word' id='word_1_482' title='bbox 2635 2361 2928 2447; x_wconf 89' lang='lat' dir='ltr'>sinentes)</span> <span class='ocrx_word' id='word_1_483' title='bbox 2959 2360 3313 2440; x_wconf 87' lang='lat' dir='ltr'>formidare,</span> <span class='ocrx_word' id='word_1_484' title='bbox 3347 2383 3427 2425; x_wconf 89' lang='lat' dir='ltr'>ne</span> <span class='ocrx_word' id='word_1_485' title='bbox 3465 2360 3704 2426; x_wconf 90' lang='lat' dir='ltr'>accidat</span> <span class='ocrx_word' id='word_1_486' title='bbox 3735 2361 3917 2448; x_wconf 91' lang='lat' dir='ltr'>(quid</span> <span class='ocrx_word' id='word_1_487' title='bbox 3947 2362 4041 2426; x_wconf 89' lang='lat' dir='ltr'>in-</span> 
     </span>
     <span class='ocr_line' id='line_1_69' title="bbox 2365 2463 4046 2551; baseline 0.002 -25"><span class='ocrx_word' id='word_1_488' title='bbox 2365 2463 2766 2548; x_wconf 82' lang='lat' dir='ltr'>commodi).&#39;&#39;</span> <span class='ocrx_word' id='word_1_489' title='bbox 2818 2466 2988 2529; x_wconf 89' lang='lat' dir='ltr'>Nota</span> <span class='ocrx_word' id='word_1_490' title='bbox 3024 2478 3169 2529; x_wconf 94' lang='lat' dir='ltr'>sunt</span> <span class='ocrx_word' id='word_1_491' title='bbox 3197 2463 3467 2528; x_wconf 90' lang='lat' dir='ltr'>carmina</span> <span class='ocrx_word' id='word_1_492' title='bbox 3497 2465 3911 2551; x_wconf 84' lang='lat' dir='ltr'>Tragicorum</span> <span class='ocrx_word' id='word_1_493' title='bbox 3941 2489 4046 2530; x_wconf 89' lang='lat' dir='ltr'>eos</span> 
     </span>
     <span class='ocr_line' id='line_1_70' title="bbox 2363 2564 4044 2655; baseline 0.002 -26"><span class='ocrx_word' id='word_1_494' title='bbox 2363 2564 2571 2630; x_wconf 88' lang='lat' dir='ltr'>felices</span> <span class='ocrx_word' id='word_1_495' title='bbox 2611 2566 3105 2653; x_wconf 85' lang='lat' dir='ltr'>praedicantium,</span> <span class='ocrx_word' id='word_1_496' title='bbox 3142 2566 3252 2655; x_wconf 93' lang='lat' dir='ltr'>qui</span> <span class='ocrx_word' id='word_1_497' title='bbox 3292 2582 3489 2632; x_wconf 89' lang='lat' dir='ltr'>morte</span> <span class='ocrx_word' id='word_1_498' title='bbox 3533 2589 3647 2631; x_wconf 92' lang='lat' dir='ltr'>sua</span> <span class='ocrx_word' id='word_1_499' title='bbox 3686 2591 3832 2632; x_wconf 91' lang='lat' dir='ltr'>cum</span> <span class='ocrx_word' id='word_1_500' title='bbox 3875 2591 4044 2646; x_wconf 81' lang='lat' dir='ltr'>suaS,</span> 
     </span>
     <span class='ocr_line' id='line_1_71' title="bbox 2364 2667 4049 2757; baseline 0.002 -24"><span class='ocrx_word' id='word_1_501' title='bbox 2364 2683 2498 2733; x_wconf 90' lang='lat' dir='ltr'>tum</span> <span class='ocrx_word' id='word_1_502' title='bbox 2543 2667 2807 2734; x_wconf 89' lang='lat' dir='ltr'>aliorum</span> <span class='ocrx_word' id='word_1_503' title='bbox 2850 2693 2948 2734; x_wconf 91' lang='lat' dir='ltr'>res</span> <span class='ocrx_word' id='word_1_504' title='bbox 2990 2670 3279 2735; x_wconf 85' lang='lat' dir='ltr'>adversas</span> <span class='ocrx_word' id='word_1_505' title='bbox 3316 2670 3767 2757; x_wconf 86' lang='lat' dir='ltr'>praeverterint,</span> <span class='ocrx_word' id='word_1_506' title='bbox 3798 2686 3872 2736; x_wconf 91' lang='lat' dir='ltr'>ut</span> <span class='ocrx_word' id='word_1_507' title='bbox 3902 2674 4049 2737; x_wconf 85' lang='lat' dir='ltr'>AEs-</span> 
     </span>
     <span class='ocr_line' id='line_1_72' title="bbox 2364 2771 4043 2861; baseline 0.002 -26"><span class='ocrx_word' id='word_1_508' title='bbox 2364 2771 2530 2859; x_wconf 90' lang='lat' dir='ltr'>chyli</span> <span class='ocrx_word' id='word_1_509' title='bbox 2558 2771 2623 2836; x_wconf 89' lang='lat' dir='ltr'>in</span> <span class='ocrx_word' id='word_1_510' title='bbox 2657 2774 2828 2860; x_wconf 91' lang='lat' dir='ltr'>Sept.</span> <span class='ocrx_word' id='word_1_511' title='bbox 2862 2773 3004 2838; x_wconf 73' lang='lat' dir='ltr'>adV.</span> <span class='ocrx_word' id='word_1_512' title='bbox 3036 2773 3238 2838; x_wconf 88' lang='lat' dir='ltr'>Theb.</span> <span class='ocrx_word' id='word_1_513' title='bbox 3270 2792 3420 2859; x_wconf 84' lang='lat'><strong>327.</strong></span> <span class='ocrx_word' id='word_1_514' title='bbox 3456 2796 3550 2861; x_wconf 88' lang='lat' dir='ltr'>sq.</span> <span class='ocrx_word' id='word_1_515' title='bbox 3586 2773 3695 2838; x_wconf 91' lang='lat' dir='ltr'>ubi</span> <span class='ocrx_word' id='word_1_516' title='bbox 3723 2773 3908 2861; x_wconf 88' lang='lat' dir='ltr'>plura</span> <span class='ocrx_word' id='word_1_517' title='bbox 3934 2775 4043 2839; x_wconf 88' lang='lat' dir='ltr'>da-</span> 
     </span>
     <span class='ocr_line' id='line_1_73' title="bbox 2364 2873 4050 2943; baseline 0.003 -5"><span class='ocrx_word' id='word_1_518' title='bbox 2364 2873 2459 2939; x_wconf 92' lang='lat' dir='ltr'>bit</span> <span class='ocrx_word' id='word_1_519' title='bbox 2487 2874 2839 2941; x_wconf 83' lang='lat' dir='ltr'>Blomfield.</span> <span class='ocrx_word' id='word_1_520' title='bbox 2934 2878 3016 2940; x_wconf 90' lang='lat' dir='ltr'>In</span> <span class='ocrx_word' id='word_1_521' title='bbox 3043 2876 3302 2942; x_wconf 89' lang='lat' dir='ltr'>eandem</span> <span class='ocrx_word' id='word_1_522' title='bbox 3342 2899 3471 2941; x_wconf 91' lang='lat' dir='ltr'>rem</span> <span class='ocrx_word' id='word_1_523' title='bbox 3512 2876 3711 2942; x_wconf 89' lang='lat' dir='ltr'>multa</span> <span class='ocrx_word' id='word_1_524' title='bbox 3740 2877 3958 2943; x_wconf 87' lang='lat' dir='ltr'>Cicero</span> <span class='ocrx_word' id='word_1_525' title='bbox 3983 2881 4050 2943; x_wconf 90' lang='lat' dir='ltr'>in</span> 
     </span>
     <span class='ocr_line' id='line_1_74' title="bbox 2364 2977 4049 3067; baseline 0.002 -25"><span class='ocrx_word' id='word_1_526' title='bbox 2364 2977 2586 3043; x_wconf 87' lang='lat' dir='ltr'>Tusce.</span> <span class='ocrx_word' id='word_1_527' title='bbox 2612 2979 2668 3043; x_wconf 93' lang='grc' dir='ltr'>Ι.</span> <span class='ocrx_word' id='word_1_528' title='bbox 2690 2998 2729 3063; x_wconf 84' lang='lat'>3</span> <span class='ocrx_word' id='word_1_529' title='bbox 2732 2998 2795 3063; x_wconf 83' lang='lat'><strong>5.</strong></span> <span class='ocrx_word' id='word_1_530' title='bbox 2822 3001 2958 3066; x_wconf 90' lang='lat' dir='ltr'>sqq.</span> <span class='ocrx_word' id='word_1_531' title='bbox 2992 2979 3102 3067; x_wconf 92' lang='lat' dir='ltr'>qui</span> <span class='ocrx_word' id='word_1_532' title='bbox 3131 2979 3360 3045; x_wconf 91' lang='lat' dir='ltr'>ibidem</span> <span class='ocrx_word' id='word_1_533' title='bbox 3392 2979 3472 3044; x_wconf 91' lang='lat' dir='ltr'>de</span> <span class='ocrx_word' id='word_1_534' title='bbox 3497 2981 3822 3067; x_wconf 88' lang='lat' dir='ltr'>Pompeio:</span> <span class='ocrx_word' id='word_1_535' title='bbox 3859 2990 3902 3020; x_wconf 77' lang='lat'>‘⁶</span> <span class='ocrx_word' id='word_1_536' title='bbox 3923 2981 4049 3060; x_wconf 82' lang='lat' dir='ltr'>Qui</span> 
     </span>
     <span class='ocr_line' id='line_1_75' title="bbox 2367 3080 4051 3171; baseline 0.004 -28"><span class='ocrx_word' id='word_1_537' title='bbox 2367 3080 2417 3144; x_wconf 91' lang='lat' dir='ltr'>si</span> <span class='ocrx_word' id='word_1_538' title='bbox 2462 3095 2724 3146; x_wconf 90' lang='lat' dir='ltr'>mortem</span> <span class='ocrx_word' id='word_1_539' title='bbox 2771 3094 2904 3145; x_wconf 89' lang='lat' dir='ltr'>tum</span> <span class='ocrx_word' id='word_1_540' title='bbox 2946 3082 3216 3161; x_wconf 87' lang='lat' dir='ltr'>obiisset,</span> <span class='ocrx_word' id='word_1_541' title='bbox 3247 3082 3310 3147; x_wconf 91' lang='lat' dir='ltr'>in</span> <span class='ocrx_word' id='word_1_542' title='bbox 3353 3082 3742 3171; x_wconf 90' lang='lat' dir='ltr'>amplissimis</span> <span class='ocrx_word' id='word_1_543' title='bbox 3783 3085 4051 3150; x_wconf 85' lang='lat' dir='ltr'>fortunis</span> 
     </span>
     <span class='ocr_line' id='line_1_76' title="bbox 2365 3182 4047 3274; baseline 0.003 -26"><span class='ocrx_word' id='word_1_544' title='bbox 2365 3182 2719 3257; x_wconf 56' lang='lat' dir='ltr'>occidissem</span> <span class='ocrx_word' id='word_1_545' title='bbox 2766 3187 2817 3266; x_wconf 78' lang='lat' dir='ltr'>is</span> <span class='ocrx_word' id='word_1_546' title='bbox 2859 3186 3304 3274; x_wconf 85' lang='lat' dir='ltr'>propagatione</span> <span class='ocrx_word' id='word_1_547' title='bbox 3346 3186 3492 3252; x_wconf 83' lang='lat' dir='ltr'>vitae</span> <span class='ocrx_word' id='word_1_548' title='bbox 3536 3202 3713 3274; x_wconf 85' lang='lat' dir='ltr'>quot,</span> <span class='ocrx_word' id='word_1_549' title='bbox 3759 3204 4047 3274; x_wconf 86' lang='lat' dir='ltr'>quantas,</span> 
     </span>
     <span class='ocr_line' id='line_1_77' title="bbox 2365 3286 4050 3381; baseline 0.003 -29"><span class='ocrx_word' id='word_1_550' title='bbox 2365 3310 2554 3374; x_wconf 91' lang='lat' dir='ltr'>quam</span> <span class='ocrx_word' id='word_1_551' title='bbox 2591 3286 2979 3354; x_wconf 87' lang='lat' dir='ltr'>incredibiles</span> <span class='ocrx_word' id='word_1_552' title='bbox 3021 3288 3227 3355; x_wconf 90' lang='lat' dir='ltr'>hausit</span> <span class='ocrx_word' id='word_1_553' title='bbox 3272 3289 3707 3356; x_wconf 82' lang='lat' dir='ltr'>calamitates.”</span> <span class='ocrx_word' id='word_1_554' title='bbox 3756 3293 4050 3381; x_wconf 86' lang='lat' dir='ltr'>Tangere</span> 
     </span>
     <span class='ocr_line' id='line_1_78' title="bbox 2367 3390 4046 3483; baseline 0.003 -28"><span class='ocrx_word' id='word_1_555' title='bbox 2367 3405 2574 3455; x_wconf 89' lang='lat' dir='ltr'>tamen</span> <span class='ocrx_word' id='word_1_556' title='bbox 2602 3390 2852 3456; x_wconf 87' lang='lat' dir='ltr'>videtur</span> <span class='ocrx_word' id='word_1_557' title='bbox 2881 3392 3170 3457; x_wconf 89' lang='lat' dir='ltr'>Plotinus</span> <span class='ocrx_word' id='word_1_558' title='bbox 3213 3394 3602 3481; x_wconf 90' lang='lat' dir='ltr'>potissimum</span> <span class='ocrx_word' id='word_1_559' title='bbox 3631 3418 3735 3459; x_wconf 90' lang='lat' dir='ltr'>eos</span> <span class='ocrx_word' id='word_1_560' title='bbox 3777 3395 4046 3483; x_wconf 90' lang='lat' dir='ltr'>philoso-</span> 
     </span>
     <span class='ocr_line' id='line_1_79' title="bbox 2368 3493 4046 3585; baseline 0.003 -28"><span class='ocrx_word' id='word_1_561' title='bbox 2368 3493 2548 3580; x_wconf 90' lang='lat' dir='ltr'>phos,</span> <span class='ocrx_word' id='word_1_562' title='bbox 2593 3493 2704 3581; x_wconf 90' lang='lat' dir='ltr'>qui</span> <span class='ocrx_word' id='word_1_563' title='bbox 2755 3509 3054 3559; x_wconf 89' lang='lat' dir='ltr'>sectantes</span> <span class='ocrx_word' id='word_1_564' title='bbox 3097 3495 3583 3583; x_wconf 89' lang='lat' dir='ltr'>Epicharmeum</span> <span class='ocrx_word' id='word_1_565' title='bbox 3626 3497 3725 3561; x_wconf 90' lang='lat' dir='ltr'>vel</span> <span class='ocrx_word' id='word_1_566' title='bbox 3771 3498 4046 3585; x_wconf 87' lang='lat' dir='ltr'>Sophro-</span> 
     </span>
     <span class='ocr_line' id='line_1_80' title="bbox 2366 3596 4044 3682; baseline 0.004 -23"><span class='ocrx_word' id='word_1_567' title='bbox 2366 3619 2553 3660; x_wconf 89' lang='lat' dir='ltr'>neum</span> <span class='ocrx_word' id='word_1_568' title='bbox 2583 3596 2768 3661; x_wconf 91' lang='lat' dir='ltr'>illud:</span> <span class='ocrx_word' id='word_1_569' title='bbox 2806 3599 2924 3678; x_wconf 81' lang='grc' dir='ltr'>ἀπῇ</span> <span class='ocrx_word' id='word_1_570' title='bbox 2955 3602 3175 3662; x_wconf 81' lang='grc' dir='ltr'>θανεῖν·</span> <span class='ocrx_word' id='word_1_571' title='bbox 3207 3598 3246 3678; x_wconf 82' lang='grc' dir='ltr'>ἦ</span> <span class='ocrx_word' id='word_1_572' title='bbox 3277 3598 3506 3663; x_wconf 88' lang='grc' dir='ltr'>τεθνάν’</span> <span class='ocrx_word' id='word_1_573' title='bbox 3528 3602 3596 3664; x_wconf 78' lang='grc' dir='ltr'>οὔ</span> <span class='ocrx_word' id='word_1_574' title='bbox 3623 3626 3723 3679; x_wconf 90' lang='grc' dir='ltr'>μοι</span> <span class='ocrx_word' id='word_1_575' title='bbox 3751 3600 4044 3682; x_wconf 63' lang='grc' dir='ltr'>διαφέρεις</span> 
     </span>
     <span class='ocr_line' id='line_1_81' title="bbox 2367 3700 4045 3776; baseline 0.002 -13"><span class='ocrx_word' id='word_1_576' title='bbox 2367 3700 2598 3764; x_wconf 73' lang='lat' dir='ltr'>Emori</span> <span class='ocrx_word' id='word_1_577' title='bbox 2623 3701 2788 3776; x_wconf 76' lang='lat' dir='ltr'>nole,</span> <span class='ocrx_word' id='word_1_578' title='bbox 2819 3700 2928 3764; x_wconf 74' lang='lat' dir='ltr'>sed</span> <span class='ocrx_word' id='word_1_579' title='bbox 2954 3722 3049 3764; x_wconf 80' lang='lat' dir='ltr'>me</span> <span class='ocrx_word' id='word_1_580' title='bbox 3076 3722 3206 3764; x_wconf 74' lang='lat' dir='ltr'>esse</span> <span class='ocrx_word' id='word_1_581' title='bbox 3242 3711 3555 3765; x_wconf 78' lang='lat' dir='ltr'>mortuum</span> <span class='ocrx_word' id='word_1_582' title='bbox 3582 3702 3748 3765; x_wconf 71' lang='lat' dir='ltr'>nihil</span> <span class='ocrx_word' id='word_1_583' title='bbox 3775 3705 4008 3767; x_wconf 72' lang='lat' dir='ltr'>aestimo</span> <span class='ocrx_word' id='word_1_584' title='bbox 4026 3730 4045 3767; x_wconf 90' lang='lat'><em>:</em></span> 
     </span>
     <span class='ocr_line' id='line_1_82' title="bbox 2365 3801 4050 3891; baseline 0.003 -25"><span class='ocrx_word' id='word_1_585' title='bbox 2365 3825 2469 3889; x_wconf 92' lang='lat' dir='ltr'>ap.</span> <span class='ocrx_word' id='word_1_586' title='bbox 2489 3804 2662 3867; x_wconf 83' lang='lat' dir='ltr'>Sext.</span> <span class='ocrx_word' id='word_1_587' title='bbox 2686 3803 2930 3889; x_wconf 88' lang='lat' dir='ltr'>Empir.</span> <span class='ocrx_word' id='word_1_588' title='bbox 2956 3801 3098 3866; x_wconf 88' lang='lat' dir='ltr'>adv.</span> <span class='ocrx_word' id='word_1_589' title='bbox 3130 3803 3337 3868; x_wconf 90' lang='lat' dir='ltr'>Math.</span> <span class='ocrx_word' id='word_1_590' title='bbox 3368 3805 3424 3867; x_wconf 93' lang='lat' dir='ltr'>I.</span> <span class='ocrx_word' id='word_1_591' title='bbox 3447 3820 3593 3890; x_wconf 83' lang='lat'><strong>273.</strong></span> <span class='ocrx_word' id='word_1_592' title='bbox 3623 3820 3683 3868; x_wconf 91' lang='lat' dir='ltr'>et</span> <span class='ocrx_word' id='word_1_593' title='bbox 3716 3806 3776 3888; x_wconf 66' lang='grc' dir='ltr'>ξ.</span> <span class='ocrx_word' id='word_1_594' title='bbox 3808 3806 3951 3891; x_wconf 81' lang='grc'><strong>283.</strong></span> <span class='ocrx_word' id='word_1_595' title='bbox 3985 3820 4050 3871; x_wconf 89' lang='lat' dir='ltr'>et</span> 
     </span>
     <span class='ocr_line' id='line_1_83' title="bbox 2366 3905 4050 3991; baseline 0.002 -22"><span class='ocrx_word' id='word_1_596' title='bbox 2366 3927 2468 3991; x_wconf 92' lang='lat' dir='ltr'>ap.</span> <span class='ocrx_word' id='word_1_597' title='bbox 2496 3905 2627 3970; x_wconf 91' lang='lat' dir='ltr'>Cic.</span> <span class='ocrx_word' id='word_1_598' title='bbox 2662 3905 2725 3968; x_wconf 89' lang='lat' dir='ltr'>in</span> <span class='ocrx_word' id='word_1_599' title='bbox 2759 3905 3044 3970; x_wconf 90' lang='lat' dir='ltr'>Tuscull.</span> <span class='ocrx_word' id='word_1_600' title='bbox 3082 3907 3138 3970; x_wconf 94' lang='grc' dir='ltr'>Ι.</span> <span class='ocrx_word' id='word_1_601' title='bbox 3176 3907 3235 3970; x_wconf 90' lang='lat'>8.</span> <span class='ocrx_word' id='word_1_602' title='bbox 3274 3906 3379 3971; x_wconf 90' lang='lat' dir='ltr'>ubi</span> <span class='ocrx_word' id='word_1_603' title='bbox 3410 3906 3537 3972; x_wconf 90' lang='lat' dir='ltr'>vid.</span> <span class='ocrx_word' id='word_1_604' title='bbox 3571 3907 3935 3985; x_wconf 90' lang='lat' dir='ltr'>Davisium;</span> <span class='ocrx_word' id='word_1_605' title='bbox 3983 3909 4050 3974; x_wconf 88' lang='lat' dir='ltr'>iu</span> 
     </span>
     <span class='ocr_line' id='line_1_84' title="bbox 2367 4007 4051 4099; baseline 0.003 -27"><span class='ocrx_word' id='word_1_606' title='bbox 2367 4007 2599 4094; x_wconf 91' lang='lat' dir='ltr'>quibus</span> <span class='ocrx_word' id='word_1_607' title='bbox 2626 4008 3029 4073; x_wconf 87' lang='lat' dir='ltr'>sectatoribus</span> <span class='ocrx_word' id='word_1_608' title='bbox 3055 4009 3364 4074; x_wconf 86' lang='lat' dir='ltr'>eminebat</span> <span class='ocrx_word' id='word_1_609' title='bbox 3385 4010 3725 4098; x_wconf 88' lang='lat' dir='ltr'>Epicurus,</span> <span class='ocrx_word' id='word_1_610' title='bbox 3749 4012 3881 4099; x_wconf 92' lang='lat' dir='ltr'>qui,</span> <span class='ocrx_word' id='word_1_611' title='bbox 3905 4036 4051 4077; x_wconf 90' lang='lat' dir='ltr'>cum</span> 
     </span>
     <span class='ocr_line' id='line_1_85' title="bbox 2368 4109 4052 4203; baseline 0.004 -28"><span class='ocrx_word' id='word_1_612' title='bbox 2368 4109 2433 4175; x_wconf 92' lang='lat' dir='ltr'>in</span> <span class='ocrx_word' id='word_1_613' title='bbox 2463 4110 2910 4198; x_wconf 86' lang='lat' dir='ltr'>tranquillitate</span> <span class='ocrx_word' id='word_1_614' title='bbox 2936 4127 3000 4176; x_wconf 93' lang='lat' dir='ltr'>et</span> <span class='ocrx_word' id='word_1_615' title='bbox 3029 4111 3350 4201; x_wconf 89' lang='lat' dir='ltr'>voluptate</span> <span class='ocrx_word' id='word_1_616' title='bbox 3377 4114 3619 4179; x_wconf 88' lang='lat' dir='ltr'>beatam</span> <span class='ocrx_word' id='word_1_617' title='bbox 3642 4114 3833 4178; x_wconf 85' lang='lat' dir='ltr'>vitam</span> <span class='ocrx_word' id='word_1_618' title='bbox 3863 4138 4052 4203; x_wconf 90' lang='lat' dir='ltr'>pone-</span> 
     </span>
     <span class='ocr_line' id='line_1_86' title="bbox 2368 4214 4052 4303; baseline 0.004 -25"><span class='ocrx_word' id='word_1_619' title='bbox 2368 4228 2485 4290; x_wconf 89' lang='lat' dir='ltr'>ret,</span> <span class='ocrx_word' id='word_1_620' title='bbox 2516 4214 2732 4279; x_wconf 89' lang='lat' dir='ltr'>itidem</span> <span class='ocrx_word' id='word_1_621' title='bbox 2762 4216 3195 4295; x_wconf 89' lang='lat' dir='ltr'>contendebat,</span> <span class='ocrx_word' id='word_1_622' title='bbox 3227 4219 3317 4281; x_wconf 83' lang='grc' dir='ltr'>ὅτι</span> <span class='ocrx_word' id='word_1_623' title='bbox 3355 4220 3388 4281; x_wconf 83' lang='grc' dir='ltr'>ὁ</span> <span class='ocrx_word' id='word_1_624' title='bbox 3419 4217 3669 4286; x_wconf 87' lang='grc' dir='ltr'>θάνατος</span> <span class='ocrx_word' id='word_1_625' title='bbox 3709 4220 3880 4283; x_wconf 75' lang='grc' dir='ltr'>οὐδὲν</span> <span class='ocrx_word' id='word_1_626' title='bbox 3908 4221 4052 4303; x_wconf 83' lang='grc' dir='ltr'>πρὸς</span> 
     </span>
     <span class='ocr_line' id='line_1_87' title="bbox 2368 4318 4048 4411; baseline 0.001 -25"><span class='ocrx_word' id='word_1_627' title='bbox 2368 4319 2536 4398; x_wconf 76' lang='grc' dir='ltr'>ἡμᾶς,</span> <span class='ocrx_word' id='word_1_628' title='bbox 2569 4318 2695 4383; x_wconf 87' lang='lat' dir='ltr'>sive</span> <span class='ocrx_word' id='word_1_629' title='bbox 2724 4334 2797 4384; x_wconf 91' lang='lat' dir='ltr'>ut</span> <span class='ocrx_word' id='word_1_630' title='bbox 2825 4320 3159 4385; x_wconf 87' lang='lat' dir='ltr'>Lucretius</span> <span class='ocrx_word' id='word_1_631' title='bbox 3187 4322 3350 4386; x_wconf 86' lang='lat' dir='ltr'>canit</span> <span class='ocrx_word' id='word_1_632' title='bbox 3381 4322 3519 4385; x_wconf 90' lang='grc' dir='ltr'><strong>ΙΙΙ.</strong></span> <span class='ocrx_word' id='word_1_633' title='bbox 3545 4322 3690 4402; x_wconf 91' lang='grc'><strong>842.</strong></span> <span class='ocrx_word' id='word_1_634' title='bbox 3734 4321 3901 4387; x_wconf 86' lang='lat' dir='ltr'>“Nil</span> <span class='ocrx_word' id='word_1_635' title='bbox 3932 4322 4048 4411; x_wconf 88' lang='lat' dir='ltr'>igi-</span> 
     </span>
     <span class='ocr_line' id='line_1_88' title="bbox 2368 4421 4054 4511; baseline 0.004 -27"><span class='ocrx_word' id='word_1_636' title='bbox 2368 4436 2473 4484; x_wconf 88' lang='lat' dir='ltr'>tur</span> <span class='ocrx_word' id='word_1_637' title='bbox 2501 4443 2671 4485; x_wconf 89' lang='lat' dir='ltr'>mors</span> <span class='ocrx_word' id='word_1_638' title='bbox 2697 4436 2812 4500; x_wconf 86' lang='lat' dir='ltr'>est,</span> <span class='ocrx_word' id='word_1_639' title='bbox 2841 4421 2922 4486; x_wconf 88' lang='lat' dir='ltr'>ad</span> <span class='ocrx_word' id='word_1_640' title='bbox 2953 4445 3062 4487; x_wconf 89' lang='lat' dir='ltr'>nos</span> <span class='ocrx_word' id='word_1_641' title='bbox 3091 4446 3291 4511; x_wconf 89' lang='lat' dir='ltr'>neque</span> <span class='ocrx_word' id='word_1_642' title='bbox 3317 4423 3587 4511; x_wconf 86' lang='lat' dir='ltr'>pertinet</span> <span class='ocrx_word' id='word_1_643' title='bbox 3612 4424 3871 4490; x_wconf 80' lang='lat' dir='ltr'>hilum.&#39;&#39;</span> <span class='ocrx_word' id='word_1_644' title='bbox 3911 4427 4054 4504; x_wconf 83' lang='lat' dir='ltr'>Qua</span> 
     </span>
     <span class='ocr_line' id='line_1_89' title="bbox 2366 4522 4048 4614; baseline 0.005 -28"><span class='ocrx_word' id='word_1_645' title='bbox 2366 4522 2431 4586; x_wconf 93' lang='lat' dir='ltr'>in</span> <span class='ocrx_word' id='word_1_646' title='bbox 2480 4546 2550 4588; x_wconf 89' lang='lat' dir='ltr'>re</span> <span class='ocrx_word' id='word_1_647' title='bbox 2603 4523 2889 4590; x_wconf 87' lang='lat' dir='ltr'>Plotinus</span> <span class='ocrx_word' id='word_1_648' title='bbox 2938 4541 3112 4590; x_wconf 89' lang='lat' dir='ltr'>notat</span> <span class='ocrx_word' id='word_1_649' title='bbox 3161 4527 3547 4614; x_wconf 86' lang='lat' dir='ltr'>potissimum</span> <span class='ocrx_word' id='word_1_650' title='bbox 3598 4526 3753 4592; x_wconf 88' lang='lat' dir='ltr'>illud</span> <span class='ocrx_word' id='word_1_651' title='bbox 3806 4527 4048 4609; x_wconf 85' lang='lat' dir='ltr'>vitium,</span> 
     </span>
     <span class='ocr_line' id='line_1_90' title="bbox 2370 4625 4049 4718; baseline 0.004 -28"><span class='ocrx_word' id='word_1_652' title='bbox 2370 4625 2543 4712; x_wconf 92' lang='lat' dir='ltr'>quod</span> <span class='ocrx_word' id='word_1_653' title='bbox 2588 4631 2901 4710; x_wconf 87' lang='grc' dir='ltr'>φιλαυτίας</span> <span class='ocrx_word' id='word_1_654' title='bbox 2943 4629 3190 4693; x_wconf 90' lang='lat' dir='ltr'>nomine</span> <span class='ocrx_word' id='word_1_655' title='bbox 3218 4629 3410 4717; x_wconf 86' lang='lat' dir='ltr'>vulgo</span> <span class='ocrx_word' id='word_1_656' title='bbox 3441 4630 3626 4708; x_wconf 88' lang='lat' dir='ltr'>venit,</span> <span class='ocrx_word' id='word_1_657' title='bbox 3658 4631 3912 4718; x_wconf 90' lang='lat' dir='ltr'>quando</span> <span class='ocrx_word' id='word_1_658' title='bbox 3939 4631 4049 4696; x_wconf 88' lang='lat' dir='ltr'>ali-</span> 
     </span>
     <span class='ocr_line' id='line_1_91' title="bbox 2368 4730 4049 4820; baseline 0.004 -27"><span class='ocrx_word' id='word_1_659' title='bbox 2368 4752 2549 4794; x_wconf 89' lang='lat' dir='ltr'>orum</span> <span class='ocrx_word' id='word_1_660' title='bbox 2609 4730 2929 4795; x_wconf 90' lang='lat' dir='ltr'>hominum</span> <span class='ocrx_word' id='word_1_661' title='bbox 2980 4744 3390 4798; x_wconf 89' lang='lat' dir='ltr'>contemtores</span> <span class='ocrx_word' id='word_1_662' title='bbox 3442 4756 3818 4820; x_wconf 83' lang='lat' dir='ltr'>usurpamus</span> <span class='ocrx_word' id='word_1_663' title='bbox 3867 4734 4049 4815; x_wconf 90' lang='lat' dir='ltr'>illud,</span> 
     </span>
     <span class='ocr_line' id='line_1_92' title="bbox 2369 4832 4049 4924; baseline 0.004 -28"><span class='ocrx_word' id='word_1_664' title='bbox 2369 4832 2540 4917; x_wconf 93' lang='lat' dir='ltr'>quod</span> <span class='ocrx_word' id='word_1_665' title='bbox 2575 4832 2816 4899; x_wconf 87' lang='lat' dir='ltr'>Gallico</span> <span class='ocrx_word' id='word_1_666' title='bbox 2841 4833 3010 4899; x_wconf 91' lang='lat' dir='ltr'>dicto</span> <span class='ocrx_word' id='word_1_667' title='bbox 3035 4834 3413 4900; x_wconf 86' lang='lat' dir='ltr'>celebratur:</span> <span class='ocrx_word' id='word_1_668' title='bbox 3463 4838 3665 4924; x_wconf 61' lang='lat' dir='ltr'>Aprbs</span> <span class='ocrx_word' id='word_1_669' title='bbox 3702 4839 3824 4902; x_wconf 77' lang='lat' dir='ltr'>moi</span> <span class='ocrx_word' id='word_1_670' title='bbox 3852 4838 3908 4902; x_wconf 81' lang='lat' dir='ltr'>le</span> <span class='ocrx_word' id='word_1_671' title='bbox 3944 4838 4049 4902; x_wconf 81' lang='lat' dir='ltr'>de-</span> 
     </span>
     <span class='ocr_line' id='line_1_93' title="bbox 2371 4937 2538 5023; baseline 0 -24"><span class='ocrx_word' id='word_1_672' title='bbox 2371 4937 2538 5023; x_wconf 77' lang='lat' dir='ltr'>luge.</span> 
     </span>
    </p>

    <p class='ocr_par' dir='ltr' id='par_1_10' title="bbox 2372 5038 4118 5538">
     <span class='ocr_line' id='line_1_94' title="bbox 2456 5038 4047 5127; baseline 0.003 -27"><span class='ocrx_word' id='word_1_673' title='bbox 2456 5074 2543 5086; x_wconf 94' lang='lat'>—</span> <span class='ocrx_word' id='word_1_674' title='bbox 2574 5058 2668 5123; x_wconf 83' lang='lat'><strong>13.</strong></span> <span class='ocrx_word' id='word_1_675' title='bbox 2717 5040 2845 5102; x_wconf 76' lang='grc' dir='ltr'>οἷον</span> <span class='ocrx_word' id='word_1_676' title='bbox 2888 5038 3467 5121; x_wconf 76' lang='grc' dir='ltr'>ἀθλητὴν-πληγὰς</span> <span class='ocrx_word' id='word_1_677' title='bbox 3507 5042 3901 5127; x_wconf 76' lang='grc' dir='ltr'>ἀμυνόμενον]</span> <span class='ocrx_word' id='word_1_678' title='bbox 3952 5042 4047 5106; x_wconf 90' lang='lat' dir='ltr'>Si-</span> 
     </span>
     <span class='ocr_line' id='line_1_95' title="bbox 2373 5139 4052 5231; baseline 0.003 -27"><span class='ocrx_word' id='word_1_679' title='bbox 2373 5139 2824 5204; x_wconf 89' lang='lat' dir='ltr'>militudinibus</span> <span class='ocrx_word' id='word_1_680' title='bbox 2866 5163 2942 5204; x_wconf 89' lang='lat' dir='ltr'>ex</span> <span class='ocrx_word' id='word_1_681' title='bbox 2979 5164 3047 5204; x_wconf 88' lang='lat' dir='ltr'>re</span> <span class='ocrx_word' id='word_1_682' title='bbox 3088 5140 3378 5206; x_wconf 88' lang='lat' dir='ltr'>athletica</span> <span class='ocrx_word' id='word_1_683' title='bbox 3411 5141 3755 5231; x_wconf 89' lang='lat' dir='ltr'>desumptis</span> <span class='ocrx_word' id='word_1_684' title='bbox 3791 5144 4052 5209; x_wconf 88' lang='lat' dir='ltr'>delecta-</span> 
     </span>
     <span class='ocr_line' id='line_1_96' title="bbox 2372 5242 4049 5333; baseline 0.004 -28"><span class='ocrx_word' id='word_1_685' title='bbox 2372 5255 2477 5306; x_wconf 88' lang='lat' dir='ltr'>tur</span> <span class='ocrx_word' id='word_1_686' title='bbox 2523 5242 2912 5330; x_wconf 89' lang='lat' dir='ltr'>potissimum</span> <span class='ocrx_word' id='word_1_687' title='bbox 2955 5243 3265 5308; x_wconf 87' lang='lat' dir='ltr'>Arrianus</span> <span class='ocrx_word' id='word_1_688' title='bbox 3311 5244 3379 5308; x_wconf 89' lang='lat' dir='ltr'>in</span> <span class='ocrx_word' id='word_1_689' title='bbox 3425 5245 3764 5333; x_wconf 90' lang='lat' dir='ltr'>Epicteteis</span> <span class='ocrx_word' id='word_1_690' title='bbox 3810 5247 4049 5312; x_wconf 84' lang='lat' dir='ltr'>Disser-</span> 
     </span>
     <span class='ocr_line' id='line_1_97' title="bbox 2372 5344 4118 5435; baseline 0.003 -26"><span class='ocrx_word' id='word_1_691' title='bbox 2372 5358 2509 5410; x_wconf 90' lang='lat' dir='ltr'>tatt.</span> <span class='ocrx_word' id='word_1_692' title='bbox 2561 5344 2706 5409; x_wconf 90' lang='lat' dir='ltr'>Vid.</span> <span class='ocrx_word' id='word_1_693' title='bbox 2740 5346 2796 5410; x_wconf 92' lang='lat'><strong>1.</strong></span> <span class='ocrx_word' id='word_1_694' title='bbox 2836 5347 2931 5410; x_wconf 86' lang='lat'><strong>18.</strong></span> <span class='ocrx_word' id='word_1_695' title='bbox 2973 5365 3069 5413; x_wconf 89' lang='lat'><strong>12.</strong></span> <span class='ocrx_word' id='word_1_696' title='bbox 3114 5347 3265 5434; x_wconf 90' lang='lat' dir='ltr'>ibiq.</span> <span class='ocrx_word' id='word_1_697' title='bbox 3310 5348 3602 5435; x_wconf 90' lang='lat' dir='ltr'>interprr.</span> <span class='ocrx_word' id='word_1_698' title='bbox 3688 5351 3823 5414; x_wconf 90' lang='lat' dir='ltr'>Nec</span> <span class='ocrx_word' id='word_1_699' title='bbox 3866 5350 4051 5416; x_wconf 88' lang='lat' dir='ltr'>sacris</span> <span class='ocrx_word' id='word_1_700' title='bbox 4117 5375 4118 5378; x_wconf 45' lang='lat'>¹</span> 
     </span>
     <span class='ocr_line' id='line_1_98' title="bbox 2372 5448 4052 5538; baseline 0.002 -26"><span class='ocrx_word' id='word_1_701' title='bbox 2372 5448 2774 5535; x_wconf 88' lang='lat' dir='ltr'>scriptoribus</span> <span class='ocrx_word' id='word_1_702' title='bbox 2800 5448 3030 5536; x_wconf 83' lang='lat' dir='ltr'>ignotoe</span> <span class='ocrx_word' id='word_1_703' title='bbox 3057 5450 3157 5515; x_wconf 82' lang='lat' dir='ltr'>hae</span> <span class='ocrx_word' id='word_1_704' title='bbox 3186 5449 3284 5515; x_wconf 89' lang='lat' dir='ltr'>vel</span> <span class='ocrx_word' id='word_1_705' title='bbox 3314 5452 3690 5538; x_wconf 69' lang='lat' dir='ltr'>metaphorae</span> <span class='ocrx_word' id='word_1_706' title='bbox 3717 5450 3815 5515; x_wconf 83' lang='lat' dir='ltr'>vel</span> <span class='ocrx_word' id='word_1_707' title='bbox 3845 5451 4052 5516; x_wconf 81' lang='lat' dir='ltr'>simili-</span> 
     </span>
    </p>
   </div>
   <div class='ocr_carea' id='block_1_7' title="bbox 2374 5550 4047 5709">
    <p class='ocr_par' dir='ltr' id='par_1_11' title="bbox 2374 5550 4047 5709">
     <span class='ocr_line' id='line_1_99' title="bbox 2374 5550 4047 5640; baseline 0.003 -25"><span class='ocrx_word' id='word_1_708' title='bbox 2374 5550 2638 5616; x_wconf 77' lang='lat' dir='ltr'>tudines·</span> <span class='ocrx_word' id='word_1_709' title='bbox 2671 5551 2813 5616; x_wconf 88' lang='lat' dir='ltr'>vid.</span> <span class='ocrx_word' id='word_1_710' title='bbox 2845 5552 3190 5640; x_wconf 87' lang='lat' dir='ltr'>interprett.</span> <span class='ocrx_word' id='word_1_711' title='bbox 3216 5553 3279 5617; x_wconf 93' lang='lat' dir='ltr'>in</span> <span class='ocrx_word' id='word_1_712' title='bbox 3305 5553 3512 5640; x_wconf 86' lang='lat' dir='ltr'>Epist.</span> <span class='ocrx_word' id='word_1_713' title='bbox 3533 5551 3738 5618; x_wconf 87' lang='lat' dir='ltr'>Paulli</span> <span class='ocrx_word' id='word_1_714' title='bbox 3768 5553 4047 5620; x_wconf 88' lang='lat' dir='ltr'>Timoth.</span> 
     </span>
     <span class='ocr_line' id='line_1_100' title="bbox 2526 5659 2578 5709; baseline 0 0"><span class='ocrx_word' id='word_1_715' title='bbox 2526 5659 2578 5709; x_wconf 88' lang='lat' dir='ltr'>E</span> 
     </span>
    </p>
   </div>
  </div>
 </body>
</html>
