5118 6613
1028 544 1153 608 240

1032 720 1184 763 num
1218 711 1282 761 et
1310 694 1739 759 difficultatem
1768 708 1832 758 et
1863 718 2012 758 vero
2033 693 2456 759 necessitatem
2486 718 2742 781 quoque

1035 798 1268 863 indicat
1313 797 1376 860 in
1427 797 1585 861 libro
1631 797 1931 861 adversus
1970 798 2018 860 J
2024 796 2300 860 ulianum
2338 797 2531 861 Tom.
2566 798 2642 860 V.
2674 820 2739 883 p.

1036 922 1189 987 340.
1226 898 1599 967 Bas-&208
1633 898 1679 963 ὦ
1717 899 2104 983 γενναιότατε
2135 904 2466 974 σοφιστῶν,
2498 897 2618 962 οὐδ’
2651 901 2743 963 ὅτι

1038 1005 1249 1088 ψυχὴν
1296 1001 1602 1086 ἔχομεν,ἦ
1649 1005 1949 1082 αἴσθησιν.
1985 999 2024 1080 ἢ
2072 997 2299 1079 νοῦν,ἢ
2339 1000 2658 1082 λογισμὸν,
2703 998 2742 1080 ἢ

1036 1108 1270 1188 μνήμην
1298 1110 1331 1169 ὁ
1371 1110 1634 1172 τοιοῦτος
1670 1108 1856 1187 λόγος
1892 1102 2202 1187 ἐπιτρέψει
2236 1106 2616 1185 γιγνώσκειν,
2666 1105 2744 1171 ὣς

1038 1214 1293 1276 ἑκάστου
1321 1236 1396 1293 γε
1437 1211 1534 1273 καὶ
1577 1211 1802 1273 τούτων
1830 1210 2205 1286 ὃύογνωστος
2240 1208 2276 1287 ἡ
2316 1207 2512 1281 οὐσία,
2549 1208 2646 1270 καὶ
2685 1209 2748 1271 τί

1036 1315 1418 1393 θαυμαστόνς
1468 1340 1523 1376 κ.
1549 1338 1601 1375 τ.
1627 1318 1691 1374 λ.
1770 1309 2133 1374 Alexander
2183 1309 2521 1396 Aphrodis.
2553 1309 2617 1374 in
2658 1308 2734 1374 li·

1036 1416 1222 1480 brum
1254 1414 1335 1479 de
1367 1416 1565 1479 Sensu
1597 1428 1662 1477 et
1691 1412 1911 1477 Sensil.
1945 1411 2050 1475 fol.
2080 1430 2185 1496 97.
2217 1434 2355 1498 sqq.
2450 1411 2630 1476 Idem
2675 1412 2738 1476 in

1038 1516 1366 1584 Aristotel.
1399 1516 1479 1580 de
1502 1515 1740 1579 Anima
1766 1514 1875 1578 lib.
1911 1515 2008 1578 11.
2038 1537 2094 1578 c.
2133 1531 2228 1577 12.
2276 1515 2374 1578 J0.
2402 1512 2738 1601 Philopon.

1036 1622 1100 1686 in
1134 1619 1461 1684 Aristotel.
1485 1618 1566 1682 de
1596 1619 1895 1683 Generat.
1932 1617 2217 1681 Animm.
2250 1617 2324 1680 V.
2361 1637 2412 1680 1.
2444 1616 2556 1681 fol.
2596 1634 2740 1703 105.

1040 1721 1321 1789 Platonis
1369 1720 1843 1808 Aristotelisque
1879 1719 2130 1784 decreta
2180 1718 2262 1782 de
2305 1719 2442 1783 visu
2482 1719 2744 1783 strictim

1036 1827 1100 1891 in
1132 1826 1260 1891 suis
1294 1823 1551 1911 Eclogis
1591 1824 1779 1888 refert
1822 1824 2114 1888 Stobaeus
2161 1824 2218 1887 Ι.
2248 1838 2353 1908 55.
2387 1845 2450 1909 p.
2493 1822 2749 1887 1108—

1040 1949 1111 1994 11
1131 1949 1226 1993 10.
1262 1930 1537 1992 Heeren.
1618 1926 1966 1991 Democriti
1997 1925 2389 2012 Epicurique
2417 1937 2481 1989 et
2509 1924 2734 1989 horum

1033 2045 1406 2097 sectatorum
1448 2030 1813 2095 sententiam
1854 2027 2126 2116 explicat
2169 2042 2235 2092 et
2272 2027 2353 2091 ad
2402 2027 2737 2092 Platonicae

1031 2133 1422 2222 potissimum
1462 2132 1763 2197 doctrinae
1803 2131 2082 2218 regulam
2120 2129 2426 2217 dijudicat
2473 2131 2733 2193 Macro-

1031 2237 1175 2301 bius
1211 2236 1276 2300 in
1313 2234 1650 2301 Saturnall.
1685 2235 1845 2299 VII.
1892 2255 1986 2314 14.
2083 2233 2326 2296 Locum
2375 2232 2437 2295 in
2488 2232 2738 2296 Timaeo

1029 2341 1240 2428 attigit
1267 2340 1452 2405 etiam
1489 2338 1788 2403 Alcinous
1831 2336 1911 2401 de
1951 2335 2258 2401 Doctrina
2288 2334 2570 2399 Platonis
2597 2358 2735 2422 cap.

1036 2446 1136 2511 18.
1168 2468 1230 2533 p.
1252 2458 1400 2527 497.
1426 2465 1521 2528 sq.
1548 2442 1824 2528 itemque
1851 2439 2183 2504 Nemesius
2212 2437 2291 2502 de
2323 2440 2571 2502 Natura
2610 2439 2738 2501 Ho-

1029 2548 1213 2614 minis
1257 2546 1322 2609 in
1365 2543 1568 2632 capite
1616 2545 1754 2625 περὶ
1794 2544 1996 2625 ὄψεως
2044 2564 2105 2628 p.
2145 2541 2288 2605 180.
2340 2540 2441 2605 ed.
2489 2540 2730 2604 Matth.

1030 2656 1347 2719 Caeterum
1398 2646 1479 2711 de
1519 2644 1776 2722 lumine,
1819 2643 1985 2721 visu,
2024 2642 2406 2729 reliquisque
2452 2642 2735 2706 sensibus

1028 2756 1110 2821 ad
1164 2751 1396 2819 Plotini
1439 2765 1710 2813 mentem
1762 2746 2043 2832 disputat
2089 2746 2505 2832 G.A.Hev'gl
2544 2744 2607 2807 in
2658 2743 2730 2807 li-

1026 2856 1215 2929 belle,
1268 2853 1379 2941 qui
1429 2849 1821 2915 inscribitur:
1869 2849 1973 2912 die
2032 2848 2412 2913 Plotinische
2460 2847 2730 2932 Physik.

1031 2955 1391 3025 Landshuti
1447 2954 1635 3035 1815.
1684 2975 1747 3038 p.
1792 2952 1931 3017 128.
1980 2974 2118 3037 sqq.
2160 2949 2267 3012 sed
2313 2949 2423 3023 ita,
2472 2964 2543 3013 ut
2582 2948 2728 3036 plu·

1028 3063 1186 3127 rima
1213 3073 1277 3123 et
1305 3057 1440 3145 ipsa
1467 3051 1995 3140 interpretationis
2023 3051 2222 3116 lucem
2256 3050 2608 3115 desiderare
2639 3051 2730 3114 vi·

1028 3165 1314 3230 deantur.

1071 3292 1137 3358 p.
1160 3270 1307 3350 817,
1327 3257 1883 3344 10.τοῦλεγομένου
1902 3258 2532 3343 διαφανοῦςσῶματος]
2561 3256 2731 3335 Quid

1027 3372 1106 3437 sit
1122 3371 1190 3435 τὸ
1208 3368 1496 3452 διαφανὲς
1514 3387 1591 3428 ex
1615 3387 1746 3426 suae
1766 3359 2018 3424 rationis
2036 3359 2298 3423 decretis
2315 3358 2585 3445 explicat
2597 3358 2734 3422 Ari-

1963 521 2813 588 ANNOTATIONES
2880 521 2989 588 IN
3056 523 3487 589 PLOTINI

2828 696 3230 784 losopborum
3294 696 3661 761 adscribam.
3740 695 4099 761 Alexander
4150 697 4537 762 Problemm.

2832 801 3103 864 Prooem.
3135 822 3198 886 p.
3238 818 3381 882 249.
3432 798 3773 887 Sylburg.:
3823 800 4014 866 οὐδεὶς
4053 801 4118 863 δὲ
4166 800 4261 863 καὶ
4288 800 4397 879 τὴν
4427 805 4533 864 θα·

2827 903 3097 965 λασσίαν
3143 901 3363 983 νάρκην
3407 903 3635 983 ἀγνοεῖ,
3682 907 3803 968 πῶς
3849 904 3946 966 διὰ
3995 906 4097 980 τῆς
4135 903 4422 982 μηρίνθου
4465 902 4534 965 τὸ

2829 1010 3002 1084 σῶμα
3046 1010 3270 1086 ναρκοῖ·
3318 1006 3529 1086 τρίγλη
3575 1028 3640 1067 τε
3692 1002 4055 1086 κρατουμένη
4099 1005 4418 1068 άντιπαθεῖ
4461 1008 4533 1083 τῇ

2831 1106 3034 1188 νάρκῃ.
3129 1105 3494 1170 Chalcidius
3522 1105 3585 1169 in
3622 1104 3901 1170 Platonis
3932 1105 4249 1170 Timaeum
4283 1129 4355 1193 p.
4379 1125 4527 1192 331.

2830 1210 3116 1272 Meum:
3168 1217 3208 1247 “
3243 1207 3485 1272 Sentire
3527 1230 3717 1295 porro
3762 1222 4029 1272 mentem
4090 1224 4342 1295 putant,
4391 1232 4531 1296 per-

2826 1310 2972 1374 inde
3005 1325 3074 1375 ut
3104 1333 3239 1375 eam
3282 1310 3595 1398 pepulerit
3625 1310 3904 1398 spiritus,
3934 1309 4046 1397 qui
4074 1310 4167 1389 id,
4195 1311 4366 1398 quod
4401 1311 4538 1397 ipse

2826 1414 3066 1500 patitur
3094 1436 3171 1477 ex
3194 1412 3527 1477 visibilium
3553 1412 3893 1499 specierum
3925 1413 4338 1490 concretione,
4359 1436 4532 1477 men-

2828 1515 2908 1579 tis
2935 1515 3169 1580 intimis
3211 1515 3418 1580 tradit.
3513 1515 3844 1581 Pol-rectus
3889 1514 4194 1602 siquidem
4241 1531 4307 1580 et
4336 1515 4534 1581 veluti

2827 1617 3179 1705 patefactus
3205 1617 3474 1682 candida
3500 1642 3633 1683 esse
3661 1617 4012 1698 denuntiat,
4041 1641 4187 1705 quae
4216 1618 4531 1684 videntur.

2833 1719 3156 1786 Confusus
3183 1743 3376 1808 porro
3416 1736 3480 1786 et
3522 1720 3920 1786 confaecatior
3948 1735 4086 1786 atra
4114 1733 4177 1785 et
4206 1722 4533 1786 tenebrosa

2835 1825 3178 1912 significat:
3228 1825 3566 1913 similisque
3594 1826 3733 1914 ejus
3761 1824 3966 1913 passio
4008 1839 4104 1890 est
4141 1848 4384 1904 eorum,
4416 1827 4528 1913 qui

2823 1928 3042 1992 marini
3102 1927 3287 2017 piscis
3327 1928 3696 2017 contagione
3740 1942 4012 2016 torpent,
4060 1927 4373 2016 siquidem
4416 1952 4527 2017 per

2822 2030 3016 2094 linum
3046 2047 3110 2096 et
3152 2031 3522 2096 arundinem
3563 2054 3803 2119 perque
3847 2053 4071 2095 manus
4115 2047 4325 2120 serpat
4352 2032 4527 2097 virus

2820 2131 3000 2212 illud,
3049 2148 3455 2220 penetretque
3497 2133 3785 2198 intimum
3843 2135 4154 2198 sensum.”
4244 2137 4346 2198 Ac
4396 2134 4521 2198 for-

2822 2251 2981 2299 tasse
3012 2234 3397 2313 Chalcidius,
3421 2236 3531 2323 qui
3563 2237 3723 2300 hanc
3751 2235 4217 2301 similitudinem
4249 2236 4527 2301 similiter

2821 2360 2894 2400 ac
2953 2336 3234 2401 Plotinus
3278 2337 3341 2400 in
3389 2336 3525 2401 loco
3571 2337 3653 2401 de
3698 2337 3833 2401 visu
3883 2336 4192 2417 adhibuit,
4243 2353 4521 2403 nostrum

2821 2438 3268 2527 philosophum
3296 2454 3441 2503 ante
3478 2440 3692 2504 oculos
3720 2439 3960 2504 habuit.

2909 2566 2970 2630 p.
3002 2544 3150 2625 819,
3190 2562 3287 2622 14.
3322 2546 3375 2607 εἰ
3405 2543 3499 2607 καὶ
3527 2543 3788 2607 νῦν-τὸ
3812 2549 3931 2606 τῶν
3964 2541 4242 2622 ὀμμάτων
4261 2545 4525 2626 πρόσθεν

2823 2647 3124 2734 κείμενον]
3176 2646 3496 2710 Intactum
3553 2645 3777 2732 reliqui
3822 2645 4025 2711 locum
4084 2646 4345 2711 fortasse
4402 2668 4522 2711 non

2819 2769 3065 2811 sanum.
3141 2748 3475 2824 Quomodo
3502 2770 3649 2812 eum
3676 2747 3931 2812 Ficinus
3958 2749 4285 2835 acceperit,
4315 2748 4525 2836 arguit

2821 2848 3041 2913 versi0.
3132 2848 3300 2912 Nolo
3330 2848 3523 2935 igitur
3560 2848 3913 2927 decernere,
3945 2864 4161 2914 utrum
4192 2868 4359 2916 recte
4389 2874 4523 2915 ver-

2821 2952 2988 3030 terit,
3012 2974 3091 3016 an
3115 2966 3394 3016 extrema
3423 2952 3634 3039 potius
3665 2951 3962 3017 vertenda
3993 2951 4150 3017 sint:
4185 2954 4352 3040 quod
4376 2964 4524 3018 ante

2818 3055 3024 3119 oculos
3054 3056 3336 3142 positum
3379 3063 3490 3119 est.
3588 3053 3879 3118 Proxima
3898 3080 3917 3118 t
3964 3055 4061 3119 καὶ
4111 3058 4169 3119 ot
4214 3056 4526 3139 ἐκχέοντες

2821 3159 2886 3220 δὲ
2917 3160 3023 3223 τὰς
3049 3159 3227 3239 ὄψεις
3254 3155 3596 3221 Platonicae
3632 3156 3927 3222 orationis
3960 3156 4331 3245 elegantiam
4362 3157 4520 3222 refe-

2820 3274 2990 3325 runt.
3082 3262 3247 3325 Sunt
3268 3259 3431 3325 enim
3461 3258 3665 3326 efficta
3690 3259 3771 3325 ad
3802 3258 3959 3325 illud
3991 3259 4055 3325 in
4086 3261 4425 3327 Theaeteto
4453 3284 4521 3349 p.

2831 3363 2965 3426 181.
3011 3386 3091 3427 a:
3137 3363 3273 3431 τοὺς
3316 3363 3584 3446 ῥέοντας,
3627 3386 3749 3441 eos,
3806 3365 3917 3452 qui
3971 3385 4189 3428 rerum
4239 3367 4521 3429 omnivm

1029 3473 1277 3540 stoteles
1306 3471 1386 3535 de
1419 3471 1618 3533 Sensu
1638 3480 1701 3529 et
1727 3462 1945 3529 Sensil.
1970 3486 2024 3527 c.
2043 3483 2110 3548 3.
2132 3486 2193 3549 p.
2223 3482 2282 3545 7.
2308 3461 2488 3549 Sylb.
2518 3461 2619 3526 Cf.
2652 3460 2732 3525 de
2794 3467 3063 3551 fluxum
3091 3467 3493 3542 contendunt,
3512 3478 3579 3530 at
3600 3469 3659 3530 οἱ
3679 3471 3786 3530 τοῦ
3814 3467 3962 3530 ὅλου
3991 3473 4317 3532 στασιῶται
4348 3479 4389 3502 “
4407 3467 4519 3554 qui

1029 3578 1266 3642 Anima
1290 3597 1425 3661 cap.
1459 3589 1519 3655 7.
1549 3593 1614 3657 p.
1642 3570 1751 3654 36.
1784 3566 1893 3631 ubi
1924 3565 2225 3652 Stagirita
2266 3565 2450 3628 etiam
2490 3566 2732 3650 Empe·

1027 3679 1188 3746 docli
1218 3676 1603 3761 obloquitur,
1623 3669 1734 3758 qui
1756 3668 2048 3757 opinatus
2071 3667 2182 3731 sit:
2221 3670 2276 3732 εἰ
2296 3667 2533 3749 γένοιτο
2558 3666 2734 3731 κενὸν

1028 3785 1097 3849 τὸ
1126 3781 1364 3864 μεταξὺ,
1397 3781 1651 3859 ὁρᾶσθαι
1679 3774 1756 3839 ἃν
1786 3776 2061 3855 ἀκριβῶς,
2090 3772 2186 3835 καὶ
2216 3773 2269 3835 εἰ
2294 3773 2523 3853 μύρμηξ
2553 3771 2623 3833 ἐν
2651 3760 2736 3856 τῷ

1027 3889 1256 3970 οὐρανῷ
1289 3886 1417 3962 εἴηε
1468 3880 1516 3943 si
1549 3900 1817 3943 vacuum
1848 3874 2063 3954 fuerit,
2093 3872 2264 3959 quod
2307 3871 2582 3936 medium
2614 3886 2729 3945 est,

1026 3982 1482 4051 accuratissime
1541 3977 1804 4065 perspici
1861 3998 2063 4062 posse,
2109 3974 2206 4037 vel
2258 3973 2307 4037 si
2355 3971 2615 4037 formica
2664 3972 2727 4035 in

1025 4087 1184 4154 coelo
1211 4099 1387 4149 esset.
1481 4084 1645 4145 Haec
1674 4077 1998 4163 attigimus
2027 4099 2217 4162 supra
2246 4075 2328 4139 ad
2365 4076 2463 4139 11.
2494 4095 2552 4156 9.
2584 4094 2639 4140 2.

1113 4212 1177 4277 p.
1211 4186 1360 4262 818,
1401 4205 1497 4268 19.
1546 4183 1674 4247 ἐπεὶ
1724 4179 1843 4244 οὐδ’
1891 4181 1924 4240 ὁ
1979 4176 2241 4257 κάλαμος
2284 4179 2318 4240 ὁ
2360 4179 2581 4256 μεταξὺ
2629 4180 2730 4256 τῆς

1026 4292 1239 4374 νάρκης
1270 4289 1365 4352 καὶ
1391 4291 1492 4366 τῆς
1513 4283 1731 4369 χειρὸς,
1759 4283 1793 4346 ὃ
1814 4280 2041 4363 πάσχει
2062 4280 2304 4367 ἡχείρ·]
2338 4277 2725 4365 Exemplum

1026 4391 1328 4459 desumsit
1357 4414 1394 4454 a
1425 4388 1689 4453 Platone
1717 4385 1783 4449 in
1815 4386 2093 4448 Menone
2122 4406 2183 4468 p.
2207 4383 2312 4446 80.
2344 4384 2444 4445 A:
2498 4382 2593 4445 καὶ
2628 4387 2724 4445 δο-

1028 4503 1146 4563 κεῖς
1171 4520 1272 4575 μοι
1299 4497 1625 4563 παντελῶς,
1659 4491 1712 4553 εἰ
1740 4494 1834 4552 δεῖ
1857 4513 1913 4551 τι
1945 4487 2040 4550 καὶ
2081 4490 2341 4567 σκῶψαι,
2385 4485 2732 4563 ὁμοιότατος

1029 4599 1180 4664 εἶναι
1209 4599 1302 4675 τό,
1321 4620 1387 4658 τε
1417 4593 1571 4659 εἶδος
1600 4592 1696 4655 καὶ
1722 4587 1919 4654 τᾶλλα
1947 4590 2128 4667 ταύτῃ
2158 4591 2229 4667 τῇ
2258 4587 2516 4671 πλατείᾳ
2546 4585 2728 4667 νάρκῃ

1026 4705 1098 4781 τῇ
1129 4697 1437 4781 θαλαττίᾳ.
1487 4695 1583 4760 καὶ
1610 4696 1727 4775 γὰρ
1755 4694 1902 4771 αὕτη
1929 4691 2036 4754 τὸν
2068 4691 2163 4755 ἀεὶ
2195 4689 2600 4770 πλησιάζοντα
2636 4688 2730 4752 καὶ

1027 4803 1363 4880 ἁπτόμενον
1392 4801 1615 4880 ναρκᾷν
1642 4800 1817 4859 ποιεῖ.
1865 4794 1961 4857 καὶ
2002 4792 2079 4857 σὺ
2116 4797 2310 4859 δοκεῖς
2343 4817 2446 4870 μοι
2473 4795 2581 4855 νῦν
2607 4815 2727 4854 τοι·

1028 4906 1203 4971 οῧτόν
1246 4928 1302 4966 τι
1350 4896 1752 4979 πεποιηκέναι,
1800 4899 2043 4977 ναρκᾶν.
2092 4895 2194 4958 De
2240 4892 2357 4956 hoc
2401 4893 2570 4979 pisce
2600 4892 2728 4955 vid.

1029 5005 1296 5073 Aristot.
1331 5001 1503 5066 Hist.
1528 4998 1811 5063 Animm.
1848 4996 1984 5060 IX.
2004 4997 2112 5081 36.
2141 4996 2278 5079 (25.
2302 4994 2453 5080 ibiq.
2478 4994 2732 5058 Schnei-

1026 5109 1162 5175 deri
1213 5109 1483 5172 Annott.
1531 5104 1616 5166 T.
1658 5102 1759 5164 11.
1805 5122 1873 5186 p.
1912 5100 2085 5181 170.)
2138 5098 2195 5160 Ι.
2234 5096 2308 5159 A.
2363 5096 2610 5161 Fabric.
2649 5094 2729 5159 ad

1031 5217 1204 5279 Sext.
1238 5206 1487 5294 Empir.
1512 5202 1872 5290 Pyrrhonn.
1905 5202 2153 5287 Hypot.
2186 5200 2247 5263 Ι.
2273 5217 2372 5279 14.
2407 5217 2511 5282 93.
2537 5220 2601 5284 p.
2629 5200 2730 5263 26.

1024 5331 1087 5381 et
1130 5316 1241 5378 Jo.
1275 5308 1659 5375 Beckmann.
1692 5303 1772 5368 ad
1809 5301 2116 5389 Antigon.
2151 5302 2398 5386 Caryst.
2439 5322 2495 5364 c.
2523 5318 2634 5383 54.
2665 5322 2732 5385 p.

1029 5437 1131 5502 97.
1170 5414 1283 5501 qui
1327 5410 1514 5499 plura
1560 5421 1844 5471 veterum
1890 5403 2435 5487 recentiorumque
2472 5400 2732 5488 scripto-

1029 5540 1172 5583 rum
1202 5511 1553 5583 testimonia
1578 5508 1939 5575 laudarunt.
2028 5508 2177 5593 Ego
2204 5504 2369 5569 duos
2398 5503 2567 5569 locos
2595 5504 2736 5590 phi-

2822 3569 3179 3633 universum
3219 3568 3536 3633 immobile
3564 3591 3697 3633 esse
3737 3568 3991 3634 dicunt”
4019 3581 4083 3633 et
4118 3569 4255 3637 τοὺς
4290 3569 4358 3633 τὸ
4400 3573 4526 3633 πᾶν

2821 3676 3143 3747 κινοῦντας,
3177 3671 3351 3758 “qui
3384 3670 3743 3735 universum
3769 3670 4002 3735 moveri
4033 3672 4318 3757 putant.”
4374 3670 4520 3734 vid.

2823 3773 3161 3837 Heindorf.
3205 3773 3287 3837 ad
3330 3795 3472 3838 eum
3521 3772 3727 3837 locum
3772 3795 3840 3859 p.
3870 3793 4022 3856 419.
4075 3787 4161 3850 et,
4194 3788 4266 3837 ut
4309 3795 4517 3837 exem-

2817 3875 2994 3962 plum
3047 3875 3275 3940 addam
3323 3898 3400 3939 ex
3443 3874 3660 3939 eadem
3706 3898 3774 3939 re
3817 3874 4103 3954 ductum,
4138 3874 4521 3939 Plutarchus

2818 3980 3054 4056 Quaest.
3084 3978 3500 4066 Symposiacc.
3538 3979 3594 4042 1.
3631 3979 3688 4042 8.
3725 3997 3784 4043 2.
3814 4000 3883 4065 p.
3914 3994 4042 4063 529
4099 3978 4355 4066 Wytt.:
4390 3979 4517 4042 ἔτε-

2814 4106 2911 4161 ροι
2968 4081 3033 4143 δὲ
3090 4084 3212 4146 τοῖς
3270 4079 3699 4159 συμβάλλουσι
3756 4083 3862 4148 τὰς
3919 4081 4107 4162 αὐγᾶς
4161 4084 4512 4162 προσεῖχον.

2819 4190 2863 4219 “
2892 4180 2993 4244 alii
3023 4180 3086 4243 in
3128 4203 3344 4244 eorum
3386 4181 3750 4245 sententiam
3797 4180 4246 4258 concedebant,
4278 4180 4389 4266 qui
4420 4203 4517 4245 ra-

2815 4282 2952 4346 dios
2982 4283 3150 4346 visus
3179 4305 3546 4347 concurrere
3577 4283 3964 4348 arbitrantur
3983 4285 4038 4348 :”
4083 4283 4121 4346 i.
4142 4306 4194 4347 e.
4227 4282 4336 4369 qui
4371 4308 4517 4347 συν·

2818 4388 3065 4468 αύγειαν
3099 4383 3485 4448 Platonicam
3529 4384 3937 4472 adoptabant.
4026 4383 4333 4472 Ejusdem
4379 4384 4519 4449 bre-

2816 4485 3217 4573 viloquentiae
3245 4485 3629 4574 exemplum,
3663 4488 3782 4551 hoc
3813 4486 3945 4552 solo
3972 4486 4311 4565 diversum,
4344 4487 4518 4574 quod

2815 4612 2932 4676 pro
2979 4589 3318 4677 Participio
3363 4588 3640 4653 Verbum
3688 4613 3832 4654 cum
3883 4589 4262 4654 Pronomine
4305 4590 4519 4667 habet,

2816 4692 2998 4757 offert
3036 4692 3209 4756 locus
3253 4692 3484 4756 Plotini
3521 4692 3685 4757 infra
3711 4693 3790 4757 V.
3825 4693 3887 4758 8.
3923 4712 4022 4759 12.
4052 4715 4113 4779 p.
4148 4694 4251 4778 85.
4281 4694 4377 4758 B:
4427 4694 4519 4757 διὸ

2821 4794 2915 4858 καὶ
2944 4794 3049 4858 οὐκ
3078 4795 3265 4876 ὀρθῶς
3311 4798 3423 4874 (sc.
3457 4798 3763 4879 δοκοῦσιν)
3812 4795 3871 4859 οἳ
3915 4794 4230 4877 φθείρουσι
4262 4796 4378 4876 (sc.
4411 4795 4522 4859 τὸν

2820 4899 3046 4976 κόσμον
3066 4896 3173 4960 τὸν
3202 4896 3516 4980 αἰσθητὸν)
3541 4900 3648 4960 τοῦ
3676 4901 3892 4977 νοητοῦ
3917 4895 4222 4977 μένοντος,
4251 4897 4346 4961 καὶ
4375 4922 4515 4978 γεν-

2819 5004 3003 5062 νῶσιν
3031 4999 3213 5065 οὕτως
3243 5026 3293 5063 κ.
3316 5025 3366 5062 τ.
3386 5006 3450 5063 λ.
3485 4998 3526 5064 i.
3555 5021 3611 5063 e.
3656 4998 3769 5085 qui
3810 4998 4120 5063 mundum
4167 4998 4515 5064 sensibilem

2817 5096 3121 5163 caducum
3152 5098 3650 5186 dicunt—atque
3678 5098 3764 5164 ita
3795 5100 4076 5186 genitum
4108 5098 4473 5187 opinantur.

2904 5224 2969 5286 p.
3004 5202 3152 5278 820,
3185 5223 3247 5286 3.
3294 5205 3376 5267 Οἱ
3419 5204 3486 5266 δὲ
3527 5203 3637 5282 τὴν
3676 5202 3963 5266 ἔνστασιν
4005 5201 4367 5285 αἰτιώμενοι]
4418 5204 4522 5267 De

2818 5302 2952 5366 aliis
2995 5303 3548 5390 significationibus
3577 5303 3745 5368 vocis
3781 5303 4063 5369 ἔνστασις
4090 5302 4221 5367 dixi
4251 5304 4333 5367 ad
4370 5304 4523 5369 Pro-

2819 5405 2985 5470 clum
3017 5406 3080 5469 in
3114 5406 3326 5472 Alcib.
3358 5428 3452 5495 pr.
3486 5429 3554 5494 p.
3593 5425 3707 5490 191
3735 5430 3751 5469 ε
3801 5404 3919 5469 hoc
3949 5402 4087 5469 loco
4115 5403 4236 5469 alia
4263 5427 4524 5492 prorsus

2824 5508 3070 5573 obtinet
3096 5532 3132 5572 e
3162 5508 3351 5574 rebus
3388 5507 3784 5573 naturalibus
3819 5505 4159 5593 repetenda
4186 5522 4250 5571 et
4282 5530 4321 5571 a
4353 5508 4525 5598 Phy-
