5118 6613
1276 503 1471 567 LIB.
1519 504 1678 568 VII.
1727 501 2182 569 ENNEAD.
2228 502 2698 582 QUARTAE.
2743 525 2806 590 p.
2845 503 3205 586 844—847.

542 672 757 740 Basilii
788 674 1015 762 Magni
1061 675 1251 739 Tom.
1289 674 1388 739 II.
1418 697 1482 761 p.
1522 676 1622 740 18.
1659 676 1734 740 C.
1783 674 1988 740 locum
2033 674 2229 760 gemi-

543 798 692 842 num
724 779 1012 867 apposui.

609 904 677 969 p.
701 882 855 967 845,
892 901 990 962 14.
1023 879 1062 962 ἢ
1091 887 1262 963 σῶμα
1282 881 1395 962 μὲν
1416 878 1490 945 ὃν
1508 880 1742 949 πάντως
1767 882 2091 966 ἀναλυτὸν]
2128 882 2235 946 Ita

541 983 755 1072 scripsi
797 1007 940 1050 cum
997 985 1180 1049 Mon.
1221 985 1301 1048 Β.
1346 998 1411 1048 et
1454 983 1636 1048 Med.
1671 987 1746 1048 A.
1792 983 1936 1049 licet
1979 983 2232 1072 plurimi

538 1087 681 1153 libri
725 1102 789 1154 et
840 1087 973 1177 ipse
1023 1086 1341 1152 Eusebius
1385 1085 1733 1151 ἀναλυτέον.
1812 1086 1986 1152 Edit.
2045 1086 2234 1151 habet

543 1192 808 1257 ἀναλύον
833 1204 1145 1279 corrupte.
1196 1191 1448 1277 Seager.
1469 1188 1552 1254 ad
1577 1188 1975 1254 Thesaurum
2011 1189 2229 1277 Steph.

544 1292 823 1359 Londin.
853 1318 915 1383 p.
945 1294 1138 1379 5867.
1172 1294 1258 1357 D.
1289 1315 1369 1356 ex
1413 1314 1539 1356 uno
1580 1292 1869 1379 Origenis
1906 1293 2043 1358 loco
2083 1315 2232 1358 con-

544 1412 641 1461 tra
687 1397 853 1462 Cels.
898 1397 1016 1461 IV.
1070 1418 1133 1483 p.
1178 1398 1322 1482 169.
1398 1396 1604 1483 Spene
1650 1395 1867 1461 laudat
1917 1399 2226 1465 ἀναλύτος.

545 1498 837 1564 Debebat
878 1499 1188 1574 ἀναλυτὸς,
1221 1512 1295 1563 ut
1336 1497 1423 1563 ibi
1465 1512 1631 1563 recte
1673 1497 1923 1586 legitur,
1954 1498 2233 1586 ratioque

543 1600 841 1688 postulat.
916 1600 1093 1684 (Vid.
1134 1601 1517 1666 Athenaeum
1551 1602 1752 1666 VIII.
1799 1624 1866 1689 p.
1893 1602 2041 1687 338.
2079 1601 2145 1667 b.
2175 1625 2228 1667 c.

545 1727 612 1791 p.
648 1707 794 1788 246.
825 1728 918 1792 sq.
953 1704 1273 1793 Schwgh.)
1352 1702 1710 1769 Addeudus
1747 1702 1943 1791 igitur
1987 1704 2237 1770 Lexicis

548 1822 640 1873 est
667 1820 876 1873 noster
903 1806 1095 1872 locus.

629 1934 694 1998 p.
730 1909 879 1992 846,
914 1930 1012 1975 10.
1062 1911 1156 1975 καὶ
1186 1910 1275 1978 οἷς
1292 1935 1366 1993 γε
1395 1914 1560 1975 δοκεῖ
1585 1910 1736 1974 εἶναι
1766 1910 1862 1973 καὶ
1883 1916 2239 1994 στοιχεῖα-

553 2013 893 2099 ἐλέχθησαν
923 2013 1121 2098 εἶναι]
1174 2011 1642 2100 Adoptavimus
1678 2011 2236 2099 interpunctionem

555 2116 785 2204 Vigerii
813 2116 895 2181 ad
935 2117 1176 2182 Euseb.
1208 2139 1270 2203 p.
1302 2116 1409 2199 78.
1440 2131 1601 2181 extr.
1647 2115 1758 2203 qui
1801 2116 1889 2180 ita
1930 2114 2234 2204 explicat:

555 2228 599 2258 ‘⁶
628 2221 720 2285 Et
763 2218 814 2284 si
856 2218 1110 2307 quibu&
1140 2231 1369 2306 praeter
1416 2218 1571 2299 haec‚
1615 2218 1737 2283 alia
1778 2218 2070 2306 quaedam
2116 2219 2238 2284 ele-

555 2336 763 2387 menta
788 2345 919 2388 esse
955 2321 1181 2410 placet,
1210 2345 1284 2386 ea
1314 2336 1519 2387 tamen
1560 2344 1673 2386 nec
1714 2323 1952 2387 animos
1988 2320 2103 2409 ipsi
2135 2345 2242 2386 vo-

554 2440 717 2506 cant,
745 2426 853 2491 sed
890 2448 1171 2513 corpora,
1202 2447 1314 2489 nec
1343 2423 1532 2489 vitam
1572 2448 1652 2489 ex
1691 2448 1819 2490 sese
1862 2424 2091 2490 habere
2132 2449 2238 2490 vo-

556 2528 752 2595 lunt.”
824 2530 1061 2594 Utrum
1093 2540 1302 2593 autem
1333 2527 1430 2592 his
1453 2527 1655 2592 verbis
1682 2526 2087 2593 Aristotelem
2109 2540 2243 2592 tan-

555 2645 683 2719 gat,
716 2631 849 2720 qui,
880 2645 1107 2720 praeter
1134 2644 1407 2718 quatuor
1435 2630 1540 2696 illa
1567 2630 1742 2696 initia
1763 2631 1890 2696 sive
1918 2630 2240 2710 elementa,

553 2735 833 2821 quintam
864 2734 1181 2822 quandam
1208 2734 1484 2822 corporis
1511 2733 1833 2799 essentiam
1877 2733 2240 2798 diviniorem

556 2852 618 2903 et
644 2838 914 2926 priorem
942 2837 1160 2903 ceteris
1197 2838 1509 2902 statuebat
1555 2837 1665 2919 (de
1697 2836 1875 2901 Coelo
1906 2840 1958 2902 Ι.
1994 2856 2051 2903 2.
2086 2860 2147 2924 p.
2176 2857 2240 2916 4.

559 2940 756 3030 Sylb.)
789 2964 1070 3029 quaerere
1099 2939 1283 3021 melu,
1311 2963 1501 3028 quam
1529 2940 1877 3005 decernere.

642 3081 730 3095 —
763 3064 863 3109 12.
910 3047 986 3108 Et
1025 3047 1090 3108 δὲ
1138 3044 1392 3109 ἕκαστον
1434 3045 1584 3123 ζωὴν
1627 3043 1757 3128 ἔχει
1798 3072 1850 3109 κ.
1876 3070 1931 3108 τ.
1953 3046 2044 3129 λ.]
2098 3043 2243 3108 Vid.

565 3146 934 3213 Cudworth.
999 3149 1167 3235 Syst.
1221 3145 1436 3212 Intell.
1485 3170 1552 3234 p.
1590 3167 1771 3212 1110.
1836 3147 2245 3212 Tiedemann.

561 3251 662 3317 in:
712 3251 912 3317 Geist.
952 3251 1065 3316 der
1091 3251 1524 3339 spekulativen
1566 3252 1963 3340 Philosophie
2005 3252 2146 3316 111.
2179 3274 2245 3339 p.

563 3375 705 3441 309.
736 3354 870 3420 haec
894 3353 1124 3419 Plotini
1146 3354 1465 3442 disputata
1481 3377 1605 3420 non
1631 3354 1837 3419 minus
1858 3377 2040 3435 nova,
2057 3377 2249 3443 quam

564 3474 765 3538 acuta,
795 3458 1027 3538 dicens,
1066 3458 1567 3546 Spiritualv'smo,
1599 3481 1786 3545 quem
1826 3473 2068 3538 vocant,
2109 3457 2248 3522 uni-

564 3585 736 3628 verso
763 3560 1157 3627 fundamenti
1187 3583 1368 3626 usum
1396 3576 1694 3649 praestare
1721 3560 2060 3626 contendit.

645 3702 731 3714 —
766 3684 864 3747 14.
916 3667 1030 3729 Καὶ
1059 3664 1128 3744 δὴ
1159 3665 1255 3728 καὶ
1282 3664 1397 3749 οὐχ
1435 3666 1711 3729 ὁπωσοῦν
1740 3663 2245 3747 κραθέντα-γίγ-

569 3769 802 3858 νεσθαι]
853 3766 1094 3855 Taylor
1122 3767 1277 3845 haec,
1308 3767 1403 3831 uti
1431 3767 1803 3856 plerumque
1824 3765 1998 3845 facit,
2025 3765 2106 3831 ad
2138 3766 2246 3831 Fi·

566 3871 681 3937 cini
725 3885 997 3935 mentem
1041 3869 1362 3957 expressit,
1389 3869 1626 3935 addens
1667 3868 1987 3934 notulam:
2038 3877 2082 3908 ‘⁶
2111 3867 2251 3933 The

567 3976 764 4040 words
790 3971 829 4054 ἢ
855 3978 1016 4048 νοῦν,
1056 3972 1093 4053 ἦ
1132 3974 1358 4057 ψυχὴν,
1389 3996 1494 4038 are
1531 3973 1793 4038 omitted
1829 3973 1896 4037 in
1927 3972 2032 4038 the
2065 3971 2251 4059 origi-

567 4078 703 4152 nah
750 4077 868 4143 but
896 4078 1056 4141 from
1090 4075 1196 4140 the
1223 4076 1464 4141 version
1508 4077 1583 4141 of
1613 4076 1869 4142 Ficinus
1901 4075 1949 4141 it
1990 4097 2251 4163 appears

567 4182 701 4247 that
717 4180 868 4269 they
889 4179 1090 4266 ought
1120 4179 1280 4244 tobe
1300 4178 1626 4245 inserted.”
1690 4178 1814 4244 Sed
1837 4178 1970 4243 viro
1988 4178 2246 4265 optimo,

570 4286 657 4351 uti
686 4284 938 4373 saepius,
966 4282 1057 4347 ita
1083 4281 1182 4347 hic
1211 4305 1464 4369 quoque
1492 4280 1650 4346 illud
1678 4280 1886 4346 fraudi
1912 4280 2057 4360 fuit,
2077 4279 2247 4369 quod

573 4389 828 4454 nesciret
857 4386 1143 4452 Ficinum
1177 4384 1285 4450 ubi
1314 4384 1739 4473 perspicuitati
1777 4385 2097 4449 consulere
2127 4383 2251 4448 vel-

478 4473 496 4489 ⁹
569 4492 674 4571 let,
720 4514 836 4556 sua
875 4490 1085 4560 verba,
1138 4488 1593 4576 sententiasque
1635 4489 1813 4568 ade0‚
1863 4488 2253 4576 interponere

572 4591 954 4660 Plotinianis.
1046 4592 1182 4655 Nec
1227 4589 1514 4655 hocloco
1565 4590 1879 4656 Eusebius
1919 4605 2030 4656 aut
2088 4589 2254 4655 ullus

574 4695 789 4762 Codex
818 4692 1053 4759 Plotini
1081 4691 1187 4756 illa
1215 4692 1406 4756 verba
1431 4692 1729 4781 agnoscit.

653 4823 713 4887 p.
742 4798 890 4881 847,
929 4817 987 4861 1.
1035 4798 1111 4860 Et
1148 4795 1215 4859 δέ
1255 4821 1341 4863 τις
1375 4796 1456 4876 μὴ
1492 4797 1690 4870 οὕτως,
1734 4795 1872 4861 ἀλλ’
1905 4798 2155 4876 ἀτόμους
2194 4824 2247 4860 κ.

572 4928 619 4965 τ.
637 4903 748 4987 λ.].
777 4897 1074 4986 Suspicor
1115 4901 1187 4978 τῇ
1225 4899 1570 4983 ὁμοπαθείᾳ,
1600 4896 1773 4984 quod
1818 4897 2089 4962 secunda
2127 4919 2254 4961 ma-

574 5026 687 5068 nus
715 5001 926 5091 posuit
952 4999 1016 5063 in
1047 4998 1228 5064 Vind.
1263 5002 1347 5063 A.
1439 5001 1734 5064 Ceterum
1780 4998 2064 5064 editionis
2109 4998 2255 5063 Plo-

575 5108 820 5172 tinianae
836 5104 1183 5182 lectionem,
1207 5101 1381 5167 libris
1404 5102 1628 5167 nostris
1646 5103 2093 5181 confirmatam,
2118 5103 2253 5166 Eu-

575 5210 836 5276 sebianoe
863 5205 1132 5295 proetuli.
1223 5208 1389 5271 Mox
1428 5206 1718 5294 Vigerius
1753 5206 2134 5295 suspicatur:
2189 5208 2255 5271 ἐκ

575 5318 636 5380 δὲ
672 5315 905 5394 ἀμερῶν
943 5311 1079 5374 οὐδὲ
1117 5316 1287 5390 σῶμα
1328 5311 1465 5375 οὐδὲ
1504 5309 1704 5393 μεγεθ’
1739 5337 1793 5375 α.
1823 5337 1885 5394 γ.
1973 5309 2098 5375 Sed
2143 5332 2256 5374 nec

577 5412 889 5481 Eusebius
914 5434 1029 5477 nec
1058 5413 1247 5478 nostri
1279 5412 1419 5479 libri
1447 5413 1931 5501 adstipulantur,
1962 5439 1997 5478 e
2023 5414 2258 5502 quibus

577 5519 809 5606 aliquot
834 5514 1106 5581 offerunt
1133 5517 1203 5580 ού
1228 5542 1362 5600 μεγ.
1455 5518 1768 5582 Neutrum
1812 5517 2036 5606 placet.
2128 5519 2253 5582 Su·

673 5627 858 5678 voL.
897 5624 1022 5676 111.

3895 524 4017 596 ²⁴9

2318 700 2431 765 pra
2460 699 2524 764 p.
2559 694 2723 761 390:
2769 674 3000 755 μνήμην
3046 675 3117 754 δὴ
3153 675 3290 756 περὶ
3317 674 3457 739 θεὸν
3501 676 3637 739 οὐδὲ
3670 677 3806 759 περὶ
3835 678 3904 741 τὸ
3936 676 4009 742 ὃν

2321 783 2415 845 καὶ
2445 785 2586 845 νοῦν
2617 777 2842 852 θετέον,
2876 776 2982 841 ubi
3010 776 3090 841 de
3130 777 3246 841 hac
3285 776 3510 864 Ellipsi
3539 776 3775 842 dictum
3805 794 4007 843 est.—

2321 882 2561 971 Tangit
2593 897 2803 947 autem
2844 879 3132 945 Plotinus
3160 880 3225 945 h.
3251 880 3291 945 l.
3325 879 3665 946 Democriti
3710 880 4004 968 Epicuri-

2318 1010 2444 1074 que
2472 986 2554 1051 de
2582 984 2806 1050 animoe
2834 996 3058 1048 natura
3096 983 3448 1063 sententias,
3476 982 3558 1049 de
3600 983 3834 1071 quibus
3874 985 4003 1050 vid.

2318 1088 2641 1154 Aristotel.
2682 1087 2763 1152 de
2792 1088 3030 1153 Anima
3069 1089 3129 1152 1.
3162 1107 3222 1154 2.
3269 1087 3585 1153 Plutarch.
3630 1087 3712 1153 de
3756 1087 4006 1155 Placitt.

2320 1193 2588 1259 Philoss.
2636 1192 2754 1257 IV.
2795 1211 2858 1278 3.
2909 1190 3143 1256 Stobaei
3187 1188 3456 1278 Eclogg.
3501 1192 3562 1255 I.
3606 1207 3713 1278 52.
3757 1215 3818 1278 p.
3851 1193 3998 1279 796.

2319 1298 2512 1363 Heer.
2552 1294 2744 1383 Diog.
2786 1296 2994 1359 Lae‘rt.
3029 1293 3157 1358 IX.
3188 1313 3294 1375 44.
3340 1293 3473 1358 Cic.
3516 1293 3807 1359 Tuscull.
3849 1295 3907 1360 I.
3941 1315 4004 1381 9.

2318 1401 2496 1465 Idem
2545 1398 2695 1465 ibid.
2753 1419 2810 1463 1.
2865 1418 2932 1462 11
2968 1423 2983 1463 ε
3035 1403 3081 1436 “
3110 1397 3542 1462 Democritum
3593 1395 3784 1472 enim,
3837 1420 4009 1485 mag-2

2316 1525 2466 1567 num
2497 1502 2673 1567 illum
2704 1501 2960 1589 quidem
2982 1500 3211 1577 virum,
3230 1500 3338 1565 sed
3368 1499 3610 1565 levibus
3634 1513 3698 1565 et
3725 1499 4010 1565 rotundis

2317 1604 2703 1692 corpusculis
2758 1602 3118 1669 efficientem
3166 1601 3443 1666 animum
3494 1624 3681 1666 cursu
3732 1601 4007 1689 quodam

2320 1707 2603 1785 fortuit0,
2648 1707 3044 1772 omittamus:
3092 1704 3245 1769 nihil
3279 1717 3372 1770 est
3415 1705 3577 1770 enim
3622 1704 3795 1793 apud
3838 1704 4008 1780 istos,

2322 1810 2496 1898 quod
2527 1833 2650 1875 non
2680 1828 3029 1874 atomorum
3057 1808 3244 1873 turba
3258 1807 3602 1873 conficiat.”
3666 1808 4012 1896 Gregorius

2325 1915 2652 2001 Nyssenus
2699 1912 2782 1977 de
2825 1911 3061 1977 Anima
3114 1927 3178 1977 et
3226 1911 3703 1976 Resurrectione
3748 1934 3815 1999 p.
3866 1914 4009 1994 184.

2325 2042 2414 2105 sq.
2433 2017 2533 2082 ed.
2557 2016 2754 2081 Paris.
2780 2038 2921 2080 ann.
2950 2016 3146 2101 1638:
3172 2017 3210 2096 ἡ
3233 2016 3339 2080 οὖν
3354 2015 3526 2099 ψυχὴ
3540 2018 3690 2094 μετὰ
3706 2020 3877 2080 τοῦτο
3896 2021 4013 2080 ποῦ

2326 2122 2535 2193 ἔσταις
2587 2122 2641 2184 εἰ
2665 2122 2777 2200 μὲν
2808 2120 2875 2182 ἐν
2903 2124 3026 2186 τοῖς
3067 2120 3383 2203 στοιχείοις
3413 2119 3570 2183 εἶναί
3593 2145 3679 2187 τις
3704 2118 3880 2202 λέγοι
3905 2119 4012 2198 τὴν

2326 2224 2508 2303 αὐτὴν
2537 2223 2710 2300 εἶναι,
2741 2223 2968 2289 τούτοις
2995 2219 3116 2286 κατ’
3148 2220 3411 2303 ἀνάγκην
3432 2221 3792 2301 συνθήσεται
3813 2222 4009 2309 (Leg.

2329 2330 2383 2391 εἰ
2407 2328 2519 2407 μὲν
2549 2328 2617 2389 ἐν
2645 2330 2768 2393 τοῖς
2809 2325 3127 2408 στοιχείοις
3156 2323 3315 2388 εἶναί
3349 2350 3435 2392 τις
3470 2323 3662 2407 λέγοι,
3695 2324 3802 2403 τὴν
3831 2324 4013 2403 αὐτὴν

2328 2431 2553 2496 τούτοις
2577 2427 2698 2493 κατ’
2719 2427 2983 2510 ἀνάγκην
3004 2426 3415 2510 ουνθήσεται)·
3449 2427 3520 2492 οὗ
3546 2431 3663 2511 γὰρ
3679 2426 3756 2492 ἂν
3776 2426 4014 2510 γένοιτό

2328 2558 2415 2600 τις
2440 2536 2546 2596 τοῦ
2586 2534 2937 2613 ἑτεροφυοῦς
2970 2529 3118 2612 πρὸς
3155 2530 3223 2593 τὸ
3264 2531 3584 2613 ἀλλότριον
3624 2531 3796 2611 μίξις,
3829 2531 3923 2594 καὶ
3963 2533 4017 2595 εί

2328 2638 2511 2699 ταῦτα
2543 2636 2651 2713 εἴη,
2681 2634 2919 2712 ποικίλη
2948 2658 3035 2701 τις
3058 2632 3291 2700 πάντως
3330 2632 3780 2716 ἀναφανήσεται
3804 2634 3842 2713 ἦ
3869 2633 4017 2716 πρὸς

2330 2740 2434 2804 τᾶς
2472 2737 2743 2803 ἐναντίας
2781 2735 3108 2818 μεμιγμένη
3149 2737 3481 2816 ποιότητας.
3525 2736 3594 2799 τὸ
3637 2739 3704 2800 δὲ
3743 2738 4017 2802 ποικίλον

2332 2842 2564 2904 ἁπλοῦν
2593 2839 2699 2902 οὐκ
2728 2839 2912 2912 ἔστιν,
2946 2836 3083 2903 ἀλλ’
3116 2840 3184 2903 ἐν
3212 2837 3493 2904 συνθέσει
3534 2843 3835 2921 θεωρεῖται
3864 2838 4012 2904 πάν·

2332 2967 2461 3011 τως·
2503 2947 2625 3007 πᾶν
2654 2944 2719 3006 δὲ
2746 2941 2814 3005 τὸ
2844 2943 3134 3007 σύνθετον
3164 2944 3258 3007 καὶ
3285 2941 3562 3008 διάλυτον
3593 2942 3785 3030 (Leg.
3815 2946 4014 3007 διαλυ-

2332 3046 2456 3121 τὸν,
2488 3045 2574 3110 cf.
2608 3067 2798 3132 supra
2835 3043 2918 3109 ad
2954 3045 3272 3120 ἀναλυτὸν,
3315 3045 3432 3110 hac
3470 3044 3607 3133 ipsa
3644 3045 3871 3134 pagina
3905 3046 4016 3130 A.)

2334 3152 2398 3230 ἐξ
2442 3149 2719 3232 ἀνάγκης·
2766 3150 2805 3228 ἡ
2847 3150 2913 3212 δὲ
2956 3147 3224 3216 διάλυσις
3265 3151 3464 3232 φθορᾶ
3505 3153 3613 3213 τοῦ
3653 3151 4023 3218 συνεστῶτός

2334 3256 2480 3320 ἐστι.
2527 3252 2596 3317 τὸ
2648 3254 2713 3317 δὲ
2752 3253 3145 3334 φθειρόμενον
3195 3252 3300 3317 οὐκ
3342 3252 3658 3318 ἀθάνατον.
3734 3252 4014 3319 Deinde:

2337 3359 2432 3423 καὶ
2458 3358 2496 3437 ἡ
2526 3356 2881 3423 διδάσκαλος
2915 3355 3104 3436 ἠρέμα
3141 3361 3264 3423 τοῖς
3289 3358 3556 3437 ῥηθεῖσιν
3583 3357 4020 3436 ἑπιστενάξασα

2335 3461 2493 3545 τάχα
2519 3486 2637 3525 που
2678 3464 2860 3523 ταῦτα
2904 3460 3001 3523 καὶ
3037 3458 3295 3535 τοιαῦτά,
3336 3468 3509 3543 φησι,
3538 3459 3683 3541 πρὸς
3725 3459 3829 3525 τὸν
3873 3463 4021 3526 ἀπό·

2337 3570 2561 3627 στολον
2588 3564 2656 3627 ἐν
2679 3559 2958 3642 Ἀθήναις
2984 3561 3126 3625 ποτὲ
3151 3560 3478 3628 συστάντες
3496 3559 3833 3642 προέφερον
3862 3572 4020 3626 στοῖ-

2337 3667 2428 3730 κοὶ
2489 3663 2640 3752 (leg.
2699 3664 2973 3746 Στωϊκοὶ)
3034 3688 3100 3727 τε
3173 3663 3268 3727 καὶ
3319 3661 3711 3745 Ἐπικούρειοι
3783 3665 4016 3748 (Actor.

2337 3768 2574 3832 XVII.
2613 3767 2767 3845 18.)·
2820 3766 2914 3830 καὶ
2956 3769 3071 3847 γὰρ
3114 3767 3304 3830 ἀκούω
3347 3765 3495 3848 πρὸς
3536 3770 3720 3831 ταῦτα
3759 3766 4022 3847 μάλιστα

2335 3872 2441 3936 τὸν
2464 3870 2820 3951 Ἐπίκουρον
2849 3874 2976 3936 ταῖς
3013 3868 3360 3953 ὑπολήψεσι
3388 3869 3701 3953 φέρεσθαι,
3731 3868 3778 3957 ᾧ
3806 3872 4022 3955 τυχαία

2334 4000 2421 4042 τις
2449 3975 2545 4038 καὶ
2582 3974 2907 4053 αὐτόματος
2946 3973 2984 4052 ἡ
3018 3978 3137 4036 τῶν
3173 3975 3364 4038 ὄντων
3391 3973 3685 4054 ὗπενοήθη
3714 3975 3914 4057 φύσις,
3946 3974 4022 4041 ὡς

2334 4079 2605 4157 οὔδεμίας
2623 4077 2905 4158 προνοίας
2924 4079 3021 4141 διὰ
3042 4081 3159 4140 τῶν
3175 4075 3535 4158 πραγμάτων
3564 4079 3888 4158 διηκούσης·
3924 4079 4020 4142 καὶ

2334 4183 2430 4246 διὰ
2470 4184 2643 4244 τοῦτο
2684 4181 2831 4243 κατὰ
2863 4179 2932 4242 τὸ
2983 4180 3312 4244 ἀκόλουθον
3358 4181 3452 4245 καὶ
3495 4180 3602 4260 τὴν
3645 4181 4017 4262 ἀνθρωπίνην

2333 4284 2482 4363 ζωὴν
2513 4283 2689 4365 (fort.
2718 4280 2950 4347 excidit
2976 4287 3391 4367 ζωπυρεῖσθαι)
3422 4284 3810 4366 πομφόλυγος
3855 4285 4018 4362 δίκην

2339 4385 2448 4468 (cf.
2514 4384 2802 4450 Scholion
2860 4383 2942 4449 ad
2994 4384 3060 4449 h.
3084 4383 3126 4449 l.
3180 4400 3244 4449 et
3288 4384 3514 4449 adhibe
3567 4385 3891 4473 Wyttenb.
3936 4386 4017 4450 ad

2339 4488 2659 4554 Plutarch.
2714 4487 2794 4552 de
2844 4490 2907 4552 S.
2942 4488 3134 4551 N.V.
3183 4487 3281 4552 ed.
3330 4489 3453 4552 Ox.
3504 4511 3569 4576 p.
3605 4493 3807 4574 4243)
3870 4487 4017 4576 ᾤετο

2335 4594 2623 4672 πνεύματι
2670 4596 2776 4656 τοῦ
2826 4593 3095 4672 σώματος
3133 4591 3296 4671 ἡμῶν
3338 4591 3744 4672 περιτεθέντος
3787 4593 3895 4660 ἕως
3944 4592 4019 4657 ἂν

2335 4698 2745 4777 περικρατῆται
2772 4695 2839 4758 τὸ
2883 4697 3114 4773 πνεῦμα
3148 4697 3232 4780 τῷ
3275 4693 3630 4777 περιέχοντι·
3679 4698 3749 4775 τῇ
3784 4697 3851 4759 δὲ
3891 4701 4014 4760 δια-

2334 4800 2557 4862 πτώσει
2585 4803 2691 4861 τοῦ
2717 4799 2897 4880 ὄγκου
2926 4797 3021 4861 καὶ
3049 4797 3116 4861 τὸ
3149 4797 3656 4878 ἑναπειλημμένον
3697 4797 3848 4886 (leg.
3882 4803 4015 4865 ἐνα-

2334 4901 2714 4981 πειλημένον,
2745 4899 2916 4965 intus
2942 4899 3281 4965 cohibitum
3314 4923 3362 4965 s.
3380 4901 3769 4985 conclusum)
3802 4928 4021 4985 συγκα-

2339 5002 2808 5084 τασβέννυσθαι.

2425 5143 2512 5155 -
2531 5124 2592 5190 7.
2640 5107 2780 5189 (ὕλη
2807 5109 2942 5189 γὰρ,
2975 5106 3265 5192 &vomu->J
3319 5105 3504 5170 Plato
3530 5105 3595 5170 in
3623 5106 3789 5171 Tim.
3821 5130 3886 5195 p.
3910 5126 4018 5194 50.

2338 5232 2405 5297 p.
2436 5211 2537 5274 61.
2572 5206 2773 5273 Bekk.
2823 5208 2929 5273 Cf.
2957 5209 3283 5295 Wyttenb.
3325 5208 3405 5273 ad
3446 5208 3767 5275 Plutarch.
3803 5212 3923 5276 VI.
3956 5231 4013 5277 2.

2340 5335 2405 5399 p.
2437 5311 2589 5376 661.
2612 5335 2707 5399 sq.
2736 5311 3046 5399 Porphyr.
3077 5310 3158 5376 de
3180 5311 3446 5377 Gradib.
3481 5316 3538 5397 ς.
3568 5313 3780 5378 XXI.
3809 5327 3874 5379 et
3894 5314 4021 5379 vid.

2340 5432 2583 5496 annott,
2613 5417 2676 5481 in
2720 5415 3007 5481 Proclum
3058 5415 3122 5479 in
3154 5414 3355 5480 Alcib.
3395 5439 3490 5502 pr.
3524 5441 3589 5505 p.
3621 5417 3771 5503 318.
3815 5433 3876 5483 et
3912 5442 4017 5484 su-

2342 5540 2457 5607 pra
2494 5519 2598 5680 acllx
2621 5542 2683 5607 p.
2717 5538 2866 5606 315.
2899 5519 2986 5586 G.
3065 5520 3228 5583 Mox
3269 5541 3412 5584 cum
3449 5521 3688 5585 Euseb.
3735 5538 3797 5587 et
3852 5523 4023 5590 libris

2467 5627 2520 5679 K
