<?xml version="1.0" encoding="UTF-8"?>
<!DOCTYPE html PUBLIC "-//W3C//DTD XHTML 1.0 Transitional//EN"
    "http://www.w3.org/TR/xhtml1/DTD/xhtml1-transitional.dtd">
<html xmlns="http://www.w3.org/1999/xhtml" xml:lang="en" lang="en">
 <head>
  <title>
</title>
<meta http-equiv="Content-Type" content="text/html;charset=utf-8" />
  <meta name='ocr-system' content='tesseract 3.04.00' />
  <meta name='ocr-capabilities' content='ocr_page ocr_carea ocr_par ocr_line ocrx_word'/>
</head>
<body>
  <div class='ocr_page' id='page_1' title='image "./plotinioperaomn00chumgoog_0257.png"; bbox 0 0 5118 6613; ppageno 0'>
   <div class='ocr_carea' id='block_1_1' title="bbox 1314 522 3275 609">
    <p class='ocr_par' dir='ltr' id='par_1_1' title="bbox 1314 522 3275 609">
     <span class='ocr_line' id='line_1_1' title="bbox 1314 522 3275 609; baseline 0 -21"><span class='ocrx_word' id='word_1_1' title='bbox 1314 523 1500 588; x_wconf 77' lang='lat' dir='ltr'>Lm.</span> <span class='ocrx_word' id='word_1_2' title='bbox 1548 524 1707 589; x_wconf 91' lang='lat' dir='ltr'><strong>v11.</strong></span> <span class='ocrx_word' id='word_1_3' title='bbox 1757 523 2204 589; x_wconf 83' lang='lat' dir='ltr'><strong>ENNEAD.</strong></span> <span class='ocrx_word' id='word_1_4' title='bbox 2261 522 2763 600; x_wconf 80' lang='lat' dir='ltr'><strong>QUARTAE.</strong></span> <span class='ocrx_word' id='word_1_5' title='bbox 2814 545 2878 609; x_wconf 85' lang='lat' dir='ltr'>p.</span> <span class='ocrx_word' id='word_1_6' title='bbox 2913 522 3275 607; x_wconf 82' lang='lat'><strong>847-854.</strong></span> 
     </span>
    </p>
   </div>
   <div class='ocr_carea' id='block_1_2' title="bbox 3913 543 4029 611">
    <p class='ocr_par' dir='ltr' id='par_1_2' title="bbox 3913 543 4029 611">
     <span class='ocr_line' id='line_1_2' title="bbox 3913 543 4029 611; baseline -0.009 -20"><span class='ocrx_word' id='word_1_7' title='bbox 3913 543 4029 611; x_wconf 81' lang='lat'>251</span> 
     </span>
    </p>
   </div>
   <div class='ocr_carea' id='block_1_3' title="bbox 539 692 4026 785">
    <p class='ocr_par' dir='ltr' id='par_1_3' title="bbox 539 692 4026 785">
     <span class='ocr_line' id='line_1_3' title="bbox 539 692 4026 785; baseline -0.001 -20"><span class='ocrx_word' id='word_1_8' title='bbox 539 698 948 781; x_wconf 80' lang='grc' dir='ltr'>ἀναμνήσεως,</span> <span class='ocrx_word' id='word_1_9' title='bbox 989 696 1071 762; x_wconf 89' lang='lat' dir='ltr'>de</span> <span class='ocrx_word' id='word_1_10' title='bbox 1113 720 1244 784; x_wconf 84' lang='lat' dir='ltr'>qua</span> <span class='ocrx_word' id='word_1_11' title='bbox 1275 695 1419 762; x_wconf 85' lang='lat' dir='ltr'>vide</span> <span class='ocrx_word' id='word_1_12' title='bbox 1449 695 1947 785; x_wconf 87' lang='lat' dir='ltr'>Wyttenbachio</span> <span class='ocrx_word' id='word_1_13' title='bbox 1987 695 2242 762; x_wconf 78' lang='lat' dir='ltr'>laudata</span> <span class='ocrx_word' id='word_1_14' title='bbox 2329 693 2545 758; x_wconf 80' lang='lat' dir='ltr'><strong>worth.</strong></span> <span class='ocrx_word' id='word_1_15' title='bbox 2604 696 2775 781; x_wconf 81' lang='lat' dir='ltr'>Syst.</span> <span class='ocrx_word' id='word_1_16' title='bbox 2828 692 3035 758; x_wconf 90' lang='lat' dir='ltr'>Intell.</span> <span class='ocrx_word' id='word_1_17' title='bbox 3088 717 3149 781; x_wconf 90' lang='lat' dir='ltr'>p.</span> <span class='ocrx_word' id='word_1_18' title='bbox 3197 713 3382 780; x_wconf 80' lang='lat'><strong>1023.</strong></span> <span class='ocrx_word' id='word_1_19' title='bbox 3436 710 3503 759; x_wconf 91' lang='lat' dir='ltr'>et</span> <span class='ocrx_word' id='word_1_20' title='bbox 3559 697 3898 783; x_wconf 80' lang='lat' dir='ltr'>praesertim</span> <span class='ocrx_word' id='word_1_21' title='bbox 3959 720 4026 784; x_wconf 90' lang='lat' dir='ltr'>p.</span> 
     </span>
    </p>
   </div>
   <div class='ocr_carea' id='block_1_4' title="bbox 536 797 2240 5313">
    <p class='ocr_par' dir='ltr' id='par_1_4' title="bbox 536 797 2240 2230">
     <span class='ocr_line' id='line_1_4' title="bbox 538 797 2240 887; baseline -0.004 -19"><span class='ocrx_word' id='word_1_22' title='bbox 538 802 620 868; x_wconf 84' lang='lat' dir='ltr'>ad</span> <span class='ocrx_word' id='word_1_23' title='bbox 665 801 969 868; x_wconf 86' lang='lat' dir='ltr'>Phaedon.</span> <span class='ocrx_word' id='word_1_24' title='bbox 1003 804 1311 866; x_wconf 82' lang='lat' dir='ltr'>Annotat.</span> <span class='ocrx_word' id='word_1_25' title='bbox 1341 822 1407 887; x_wconf 87' lang='lat' dir='ltr'>p.</span> <span class='ocrx_word' id='word_1_26' title='bbox 1444 799 1583 879; x_wconf 88' lang='lat'><strong>184.</strong></span> <span class='ocrx_word' id='word_1_27' title='bbox 1676 797 1857 862; x_wconf 87' lang='lat' dir='ltr'><strong>Adde</strong></span> <span class='ocrx_word' id='word_1_28' title='bbox 1901 797 2240 863; x_wconf 85' lang='lat' dir='ltr'>Alcinoum</span> 
     </span>
     <span class='ocr_line' id='line_1_5' title="bbox 538 900 2238 989; baseline -0.004 -20"><span class='ocrx_word' id='word_1_29' title='bbox 538 905 618 969; x_wconf 88' lang='lat' dir='ltr'>de</span> <span class='ocrx_word' id='word_1_30' title='bbox 648 903 956 970; x_wconf 80' lang='lat' dir='ltr'><strong>Doctrina</strong></span> <span class='ocrx_word' id='word_1_31' title='bbox 996 900 1276 967; x_wconf 79' lang='lat' dir='ltr'><strong>Platonis</strong></span> <span class='ocrx_word' id='word_1_32' title='bbox 1321 925 1377 966; x_wconf 89' lang='grc'>0.</span> <span class='ocrx_word' id='word_1_33' title='bbox 1411 917 1515 986; x_wconf 83' lang='lat'>25.</span> <span class='ocrx_word' id='word_1_34' title='bbox 1544 924 1611 989; x_wconf 89' lang='lat' dir='ltr'>p.</span> <span class='ocrx_word' id='word_1_35' title='bbox 1636 918 1760 985; x_wconf 87' lang='lat'>507</span> <span class='ocrx_word' id='word_1_36' title='bbox 1791 925 1806 964; x_wconf 77' lang='lat' dir='ltr'><strong><em>z</em></strong></span> <span class='ocrx_word' id='word_1_37' title='bbox 1856 903 1981 983; x_wconf 78' lang='grc' dir='ltr'>εἴγε</span> <span class='ocrx_word' id='word_1_38' title='bbox 2019 900 2136 980; x_wconf 73' lang='grc' dir='ltr'>μὴν</span> <span class='ocrx_word' id='word_1_39' title='bbox 2173 904 2238 968; x_wconf 70' lang='grc' dir='ltr'>αἱ</span> 
     </span>
     <span class='ocr_line' id='line_1_6' title="bbox 536 1001 2230 1088; baseline -0.005 -15"><span class='ocrx_word' id='word_1_40' title='bbox 536 1007 821 1088; x_wconf 73' lang='grc' dir='ltr'>μαθήσεις</span> <span class='ocrx_word' id='word_1_41' title='bbox 850 1003 1209 1086; x_wconf 76' lang='grc' dir='ltr'>ἀναμνήσεις</span> <span class='ocrx_word' id='word_1_42' title='bbox 1239 1004 1412 1077; x_wconf 73' lang='grc' dir='ltr'>εἰσὶν,</span> <span class='ocrx_word' id='word_1_43' title='bbox 1443 1002 1736 1070; x_wconf 86' lang='grc' dir='ltr'>ἀθάνατος</span> <span class='ocrx_word' id='word_1_44' title='bbox 1760 1003 1835 1068; x_wconf 84' lang='grc' dir='ltr'>ἂν</span> <span class='ocrx_word' id='word_1_45' title='bbox 1859 1005 1947 1082; x_wconf 79' lang='grc' dir='ltr'>εἵη</span> <span class='ocrx_word' id='word_1_46' title='bbox 1975 1003 2013 1081; x_wconf 80' lang='grc' dir='ltr'><em>ἡ</em></span> <span class='ocrx_word' id='word_1_47' title='bbox 2041 1001 2230 1085; x_wconf 75' lang='grc' dir='ltr'>ψυχὴ,</span> 
     </span>
     <span class='ocr_line' id='line_1_7' title="bbox 537 1105 2232 1199; baseline -0.005 -23"><span class='ocrx_word' id='word_1_48' title='bbox 537 1134 683 1199; x_wconf 80' lang='lat' dir='ltr'>quae</span> <span class='ocrx_word' id='word_1_49' title='bbox 710 1109 776 1174; x_wconf 91' lang='lat' dir='ltr'>in</span> <span class='ocrx_word' id='word_1_50' title='bbox 804 1107 1210 1196; x_wconf 85' lang='lat' dir='ltr'>sequentibus</span> <span class='ocrx_word' id='word_1_51' title='bbox 1238 1106 1493 1172; x_wconf 89' lang='lat' dir='ltr'>uberius</span> <span class='ocrx_word' id='word_1_52' title='bbox 1535 1105 1828 1193; x_wconf 81' lang='lat' dir='ltr'>explicat.</span> <span class='ocrx_word' id='word_1_53' title='bbox 1917 1106 2080 1170; x_wconf 86' lang='lat' dir='ltr'>Mox</span> <span class='ocrx_word' id='word_1_54' title='bbox 2116 1127 2232 1193; x_wconf 90' lang='lat' dir='ltr'>pro</span> 
     </span>
     <span class='ocr_line' id='line_1_8' title="bbox 538 1207 2226 1297; baseline -0.004 -19"><span class='ocrx_word' id='word_1_55' title='bbox 538 1217 720 1297; x_wconf 75' lang='grc' dir='ltr'>φύσις</span> <span class='ocrx_word' id='word_1_56' title='bbox 762 1215 830 1278; x_wconf 70' lang='grc' dir='ltr'>δὲ</span> <span class='ocrx_word' id='word_1_57' title='bbox 887 1214 1158 1292; x_wconf 70' lang='grc' dir='ltr'>σώματος</span> <span class='ocrx_word' id='word_1_58' title='bbox 1204 1208 1549 1294; x_wconf 76' lang='grc' dir='ltr'>μεριζομένη</span> <span class='ocrx_word' id='word_1_59' title='bbox 1589 1212 1671 1276; x_wconf 77' lang='grc' dir='ltr'>εἷς</span> <span class='ocrx_word' id='word_1_60' title='bbox 1722 1209 1909 1274; x_wconf 81' lang='grc' dir='ltr'>πλείω</span> <span class='ocrx_word' id='word_1_61' title='bbox 1963 1207 2226 1290; x_wconf 86' lang='lat' dir='ltr'>(Euseb.</span> 
     </span>
     <span class='ocr_line' id='line_1_9' title="bbox 537 1311 2227 1400; baseline -0.005 -18"><span class='ocrx_word' id='word_1_62' title='bbox 537 1314 944 1400; x_wconf 74' lang='grc' dir='ltr'>μεριζομένου)</span> <span class='ocrx_word' id='word_1_63' title='bbox 983 1313 1129 1378; x_wconf 89' lang='lat' dir='ltr'>dedi</span> <span class='ocrx_word' id='word_1_64' title='bbox 1169 1335 1251 1377; x_wconf 86' lang='lat' dir='ltr'>ex</span> <span class='ocrx_word' id='word_1_65' title='bbox 1293 1311 1579 1400; x_wconf 81' lang='lat' dir='ltr'>plurimis</span> <span class='ocrx_word' id='word_1_66' title='bbox 1617 1311 1791 1376; x_wconf 88' lang='lat' dir='ltr'>libris</span> <span class='ocrx_word' id='word_1_67' title='bbox 1815 1313 2227 1393; x_wconf 75' lang='grc' dir='ltr'>μεριζόμενονε</span> 
     </span>
     <span class='ocr_line' id='line_1_10' title="bbox 540 1412 2233 1504; baseline -0.004 -20"><span class='ocrx_word' id='word_1_68' title='bbox 540 1434 766 1484; x_wconf 86' lang='lat' dir='ltr'>natura</span> <span class='ocrx_word' id='word_1_69' title='bbox 792 1432 1001 1483; x_wconf 88' lang='lat' dir='ltr'>autem</span> <span class='ocrx_word' id='word_1_70' title='bbox 1032 1415 1307 1504; x_wconf 84' lang='lat' dir='ltr'>corporis</span> <span class='ocrx_word' id='word_1_71' title='bbox 1338 1413 1573 1502; x_wconf 85' lang='lat' dir='ltr'>aliquid</span> <span class='ocrx_word' id='word_1_72' title='bbox 1605 1428 1721 1494; x_wconf 91' lang='lat' dir='ltr'>est,</span> <span class='ocrx_word' id='word_1_73' title='bbox 1752 1413 1925 1501; x_wconf 91' lang='lat' dir='ltr'>quod</span> <span class='ocrx_word' id='word_1_74' title='bbox 1953 1413 2018 1478; x_wconf 91' lang='lat' dir='ltr'>in</span> <span class='ocrx_word' id='word_1_75' title='bbox 2048 1412 2233 1501; x_wconf 81' lang='lat' dir='ltr'>plura</span> 
     </span>
     <span class='ocr_line' id='line_1_11' title="bbox 540 1515 2234 1588; baseline -0.005 0"><span class='ocrx_word' id='word_1_76' title='bbox 540 1521 972 1588; x_wconf 79' lang='lat' dir='ltr'>distribuatur.</span> <span class='ocrx_word' id='word_1_77' title='bbox 1064 1520 1229 1584; x_wconf 87' lang='lat' dir='ltr'>Cum</span> <span class='ocrx_word' id='word_1_78' title='bbox 1269 1516 1484 1582; x_wconf 90' lang='lat' dir='ltr'>iisdem</span> <span class='ocrx_word' id='word_1_79' title='bbox 1530 1528 1595 1581; x_wconf 88' lang='lat' dir='ltr'>et</span> <span class='ocrx_word' id='word_1_80' title='bbox 1636 1539 1781 1582; x_wconf 90' lang='lat' dir='ltr'>cum</span> <span class='ocrx_word' id='word_1_81' title='bbox 1827 1515 2108 1581; x_wconf 84' lang='lat' dir='ltr'>Eusebio</span> <span class='ocrx_word' id='word_1_82' title='bbox 2145 1516 2234 1580; x_wconf 85' lang='lat' dir='ltr'>ita</span> 
     </span>
     <span class='ocr_line' id='line_1_12' title="bbox 540 1620 2230 1714; baseline -0.005 -24"><span class='ocrx_word' id='word_1_83' title='bbox 540 1624 816 1714; x_wconf 84' lang='lat' dir='ltr'>disposui</span> <span class='ocrx_word' id='word_1_84' title='bbox 846 1650 861 1690; x_wconf 88' lang='lat'>:</span> <span class='ocrx_word' id='word_1_85' title='bbox 910 1624 1165 1689; x_wconf 81' lang='grc' dir='ltr'>ἕκαστον</span> <span class='ocrx_word' id='word_1_86' title='bbox 1191 1622 1271 1703; x_wconf 80' lang='grc' dir='ltr'>μὴ</span> <span class='ocrx_word' id='word_1_87' title='bbox 1309 1620 1378 1684; x_wconf 86' lang='grc' dir='ltr'>τὸ</span> <span class='ocrx_word' id='word_1_88' title='bbox 1413 1620 1555 1684; x_wconf 82' lang='grc' dir='ltr'>αὐτὸ</span> <span class='ocrx_word' id='word_1_89' title='bbox 1603 1620 1756 1684; x_wconf 86' lang='grc' dir='ltr'>εἶναι</span> <span class='ocrx_word' id='word_1_90' title='bbox 1783 1626 1900 1686; x_wconf 87' lang='grc' dir='ltr'>τῶν</span> <span class='ocrx_word' id='word_1_91' title='bbox 1927 1625 2122 1701; x_wconf 89' lang='grc' dir='ltr'>μερῶν</span> <span class='ocrx_word' id='word_1_92' title='bbox 2150 1624 2230 1706; x_wconf 71' lang='grc' dir='ltr'>τῷ</span> 
     </span>
     <span class='ocr_line' id='line_1_13' title="bbox 541 1722 2232 1816; baseline -0.004 -23"><span class='ocrx_word' id='word_1_93' title='bbox 541 1731 665 1816; x_wconf 73' lang='grc' dir='ltr'>ὅλῳ</span> <span class='ocrx_word' id='word_1_94' title='bbox 687 1751 806 1816; x_wconf 88' lang='lat' dir='ltr'>pro</span> <span class='ocrx_word' id='word_1_95' title='bbox 837 1730 887 1792; x_wconf 84' lang='grc' dir='ltr'>ἑ.</span> <span class='ocrx_word' id='word_1_96' title='bbox 907 1733 1025 1792; x_wconf 87' lang='grc' dir='ltr'>τῶν</span> <span class='ocrx_word' id='word_1_97' title='bbox 1039 1732 1235 1809; x_wconf 88' lang='grc' dir='ltr'>μερῶν</span> <span class='ocrx_word' id='word_1_98' title='bbox 1254 1752 1316 1806; x_wconf 87' lang='grc' dir='ltr'>μ.</span> <span class='ocrx_word' id='word_1_99' title='bbox 1349 1750 1402 1789; x_wconf 92' lang='grc' dir='ltr'>τ.</span> <span class='ocrx_word' id='word_1_100' title='bbox 1430 1750 1487 1789; x_wconf 93' lang='grc' dir='ltr'>α.</span> <span class='ocrx_word' id='word_1_101' title='bbox 1521 1726 1576 1788; x_wconf 92' lang='grc' dir='ltr'>ἐ.</span> <span class='ocrx_word' id='word_1_102' title='bbox 1601 1749 1655 1788; x_wconf 88' lang='grc' dir='ltr'>τ.</span> <span class='ocrx_word' id='word_1_103' title='bbox 1680 1726 1757 1804; x_wconf 78' lang='grc'>6.,</span> <span class='ocrx_word' id='word_1_104' title='bbox 1780 1747 1926 1811; x_wconf 83' lang='lat' dir='ltr'>quae</span> <span class='ocrx_word' id='word_1_105' title='bbox 1955 1738 2048 1788; x_wconf 89' lang='lat' dir='ltr'>est</span> <span class='ocrx_word' id='word_1_106' title='bbox 2078 1722 2232 1787; x_wconf 88' lang='lat' dir='ltr'>Edi-</span> 
     </span>
     <span class='ocr_line' id='line_1_14' title="bbox 543 1827 2233 1917; baseline -0.002 -19"><span class='ocrx_word' id='word_1_107' title='bbox 543 1833 725 1899; x_wconf 86' lang='lat' dir='ltr'>tionis</span> <span class='ocrx_word' id='word_1_108' title='bbox 766 1832 969 1899; x_wconf 84' lang='lat' dir='ltr'>lectio.</span> <span class='ocrx_word' id='word_1_109' title='bbox 1058 1831 1228 1896; x_wconf 86' lang='lat' dir='ltr'>Tum</span> <span class='ocrx_word' id='word_1_110' title='bbox 1281 1853 1397 1917; x_wconf 88' lang='lat' dir='ltr'>pro</span> <span class='ocrx_word' id='word_1_111' title='bbox 1455 1831 1509 1894; x_wconf 80' lang='grc' dir='ltr'>εἰ</span> <span class='ocrx_word' id='word_1_112' title='bbox 1560 1829 1667 1893; x_wconf 77' lang='grc' dir='ltr'>οὖν</span> <span class='ocrx_word' id='word_1_113' title='bbox 1708 1827 2079 1893; x_wconf 77' lang='grc' dir='ltr'>τοσόνδε-ὃ</span> <span class='ocrx_word' id='word_1_114' title='bbox 2127 1829 2233 1894; x_wconf 72' lang='grc' dir='ltr'>ἐὰν</span> 
     </span>
     <span class='ocr_line' id='line_1_15' title="bbox 543 1931 2234 2025; baseline -0.005 -22"><span class='ocrx_word' id='word_1_115' title='bbox 543 1937 720 2025; x_wconf 89' lang='lat' dir='ltr'>posui</span> <span class='ocrx_word' id='word_1_116' title='bbox 747 1959 894 2002; x_wconf 88' lang='lat' dir='ltr'>cum</span> <span class='ocrx_word' id='word_1_117' title='bbox 919 1934 1154 2000; x_wconf 91' lang='lat' dir='ltr'>Euseb.</span> <span class='ocrx_word' id='word_1_118' title='bbox 1185 1948 1249 1997; x_wconf 91' lang='lat' dir='ltr'>et</span> <span class='ocrx_word' id='word_1_119' title='bbox 1288 1931 1572 2021; x_wconf 82' lang='lat' dir='ltr'>plurimis</span> <span class='ocrx_word' id='word_1_120' title='bbox 1619 1931 1845 1997; x_wconf 85' lang='lat' dir='ltr'>nostris</span> <span class='ocrx_word' id='word_1_121' title='bbox 1886 1935 1940 1996; x_wconf 77' lang='grc' dir='ltr'>εἰ</span> <span class='ocrx_word' id='word_1_122' title='bbox 1984 1932 2234 1996; x_wconf 85' lang='grc' dir='ltr'>τοσόνδε</span> 
     </span>
     <span class='ocr_line' id='line_1_16' title="bbox 542 2032 2234 2121; baseline -0.002 -15"><span class='ocrx_word' id='word_1_123' title='bbox 542 2040 663 2105; x_wconf 78' lang='grc' dir='ltr'>-ὃ</span> <span class='ocrx_word' id='word_1_124' title='bbox 691 2040 1042 2106; x_wconf 58' lang='lat' dir='ltr'>dia—Mox</span> <span class='ocrx_word' id='word_1_125' title='bbox 1069 2037 1150 2102; x_wconf 90' lang='lat' dir='ltr'>de</span> <span class='ocrx_word' id='word_1_126' title='bbox 1178 2036 1372 2102; x_wconf 83' lang='lat' dir='ltr'>verbo</span> <span class='ocrx_word' id='word_1_127' title='bbox 1408 2037 1738 2112; x_wconf 71' lang='grc' dir='ltr'>ἀποσώζειν</span> <span class='ocrx_word' id='word_1_128' title='bbox 1767 2032 1894 2098; x_wconf 81' lang='lat' dir='ltr'>vid.</span> <span class='ocrx_word' id='word_1_129' title='bbox 1927 2056 2119 2121; x_wconf 87' lang='lat' dir='ltr'>supra</span> <span class='ocrx_word' id='word_1_130' title='bbox 2151 2032 2234 2102; x_wconf 76' lang='lat' dir='ltr'>ad</span> 
     </span>
     <span class='ocr_line' id='line_1_17' title="bbox 551 2142 1235 2230; baseline -0.009 -21"><span class='ocrx_word' id='word_1_131' title='bbox 551 2145 646 2209; x_wconf 89' lang='grc' dir='ltr'>ΙΙ.</span> <span class='ocrx_word' id='word_1_132' title='bbox 677 2166 740 2230; x_wconf 90' lang='lat'>9.</span> <span class='ocrx_word' id='word_1_133' title='bbox 776 2144 837 2209; x_wconf 88' lang='lat'>8.</span> <span class='ocrx_word' id='word_1_134' title='bbox 869 2166 935 2230; x_wconf 88' lang='lat' dir='ltr'>p.</span> <span class='ocrx_word' id='word_1_135' title='bbox 971 2144 1116 2209; x_wconf 82' lang='lat'><strong>206.</strong></span> <span class='ocrx_word' id='word_1_136' title='bbox 1153 2142 1235 2205; x_wconf 91' lang='lat' dir='ltr'>E.</span> 
     </span>
    </p>

    <p class='ocr_par' dir='ltr' id='par_1_5' title="bbox 543 2239 2238 3157">
     <span class='ocr_line' id='line_1_18' title="bbox 627 2239 2235 2334; baseline -0.006 -22"><span class='ocrx_word' id='word_1_137' title='bbox 627 2270 692 2334; x_wconf 89' lang='lat' dir='ltr'>p.</span> <span class='ocrx_word' id='word_1_138' title='bbox 729 2246 876 2331; x_wconf 83' lang='lat'><strong>852,</strong></span> <span class='ocrx_word' id='word_1_139' title='bbox 913 2265 1014 2309; x_wconf 84' lang='lat'>11.</span> <span class='ocrx_word' id='word_1_140' title='bbox 1062 2245 1159 2308; x_wconf 82' lang='grc' dir='ltr'>καὶ</span> <span class='ocrx_word' id='word_1_141' title='bbox 1209 2239 1477 2324; x_wconf 79' lang='grc' dir='ltr'>προσέτι,</span> <span class='ocrx_word' id='word_1_142' title='bbox 1527 2243 1580 2304; x_wconf 76' lang='grc' dir='ltr'>εἰ</span> <span class='ocrx_word' id='word_1_143' title='bbox 1621 2244 1825 2324; x_wconf 77' lang='grc' dir='ltr'>ψυχῆς</span> <span class='ocrx_word' id='word_1_144' title='bbox 1868 2239 2118 2320; x_wconf 77' lang='grc' dir='ltr'>ἑκάστης</span> <span class='ocrx_word' id='word_1_145' title='bbox 2166 2239 2235 2304; x_wconf 82' lang='grc' dir='ltr'>τὸ</span> 
     </span>
     <span class='ocr_line' id='line_1_19' title="bbox 543 2339 2238 2432; baseline -0.005 -18"><span class='ocrx_word' id='word_1_146' title='bbox 543 2349 790 2432; x_wconf 87' lang='grc' dir='ltr'>μέγεθος</span> <span class='ocrx_word' id='word_1_147' title='bbox 820 2347 1151 2430; x_wconf 76' lang='grc' dir='ltr'>ὡρισμένον</span> <span class='ocrx_word' id='word_1_148' title='bbox 1174 2346 1345 2411; x_wconf 78' lang='grc' dir='ltr'>ἔσται</span> <span class='ocrx_word' id='word_1_149' title='bbox 1375 2342 1470 2426; x_wconf 89' lang='grc' dir='ltr'>ἐφ’</span> <span class='ocrx_word' id='word_1_150' title='bbox 1492 2342 1764 2425; x_wconf 85' lang='grc' dir='ltr'>ἑκάτερα,</span> <span class='ocrx_word' id='word_1_151' title='bbox 1787 2339 1825 2422; x_wconf 83' lang='grc' dir='ltr'>ἢ</span> <span class='ocrx_word' id='word_1_152' title='bbox 1850 2343 1947 2407; x_wconf 85' lang='grc' dir='ltr'>ἐπὶ</span> <span class='ocrx_word' id='word_1_153' title='bbox 1966 2343 2034 2407; x_wconf 86' lang='grc' dir='ltr'>τὸ</span> <span class='ocrx_word' id='word_1_154' title='bbox 2067 2343 2238 2408; x_wconf 81' lang='grc' dir='ltr'>ἔλατ-</span> 
     </span>
     <span class='ocr_line' id='line_1_20' title="bbox 544 2446 2233 2536; baseline -0.003 -19"><span class='ocrx_word' id='word_1_155' title='bbox 544 2455 648 2517; x_wconf 91' lang='grc' dir='ltr'>τόν</span> <span class='ocrx_word' id='word_1_156' title='bbox 675 2478 750 2536; x_wconf 85' lang='grc' dir='ltr'>γε</span> <span class='ocrx_word' id='word_1_157' title='bbox 790 2449 829 2532; x_wconf 81' lang='grc' dir='ltr'>ἢ</span> <span class='ocrx_word' id='word_1_158' title='bbox 864 2451 960 2516; x_wconf 86' lang='grc' dir='ltr'>ἐπὶ</span> <span class='ocrx_word' id='word_1_159' title='bbox 985 2450 1054 2514; x_wconf 86' lang='grc' dir='ltr'>τὸ</span> <span class='ocrx_word' id='word_1_160' title='bbox 1081 2455 1300 2530; x_wconf 78' lang='grc' dir='ltr'>μεῖζον,</span> <span class='ocrx_word' id='word_1_161' title='bbox 1333 2448 1505 2531; x_wconf 74' lang='grc' dir='ltr'>ψυχὴ</span> <span class='ocrx_word' id='word_1_162' title='bbox 1534 2447 1640 2510; x_wconf 81' lang='grc' dir='ltr'>οὐκ</span> <span class='ocrx_word' id='word_1_163' title='bbox 1671 2446 1891 2534; x_wconf 68' lang='grc' dir='ltr'>ἔσται]</span> <span class='ocrx_word' id='word_1_164' title='bbox 1961 2447 2066 2511; x_wconf 81' lang='lat' dir='ltr'>Ita</span> <span class='ocrx_word' id='word_1_165' title='bbox 2091 2468 2233 2512; x_wconf 87' lang='lat' dir='ltr'>cum</span> 
     </span>
     <span class='ocr_line' id='line_1_21' title="bbox 546 2549 2231 2640; baseline -0.006 -18"><span class='ocrx_word' id='word_1_166' title='bbox 546 2555 823 2622; x_wconf 84' lang='lat' dir='ltr'>Eusebio</span> <span class='ocrx_word' id='word_1_167' title='bbox 843 2567 908 2619; x_wconf 91' lang='lat' dir='ltr'>et</span> <span class='ocrx_word' id='word_1_168' title='bbox 935 2552 1189 2640; x_wconf 85' lang='lat' dir='ltr'>Vigerio</span> <span class='ocrx_word' id='word_1_169' title='bbox 1216 2550 1551 2639; x_wconf 87' lang='lat' dir='ltr'>legendum</span> <span class='ocrx_word' id='word_1_170' title='bbox 1580 2550 1884 2616; x_wconf 82' lang='lat' dir='ltr'>arbitror:</span> <span class='ocrx_word' id='word_1_171' title='bbox 1936 2556 1982 2589; x_wconf 87' lang='lat'><strong>“</strong></span> <span class='ocrx_word' id='word_1_172' title='bbox 2015 2549 2231 2627; x_wconf 80' lang='lat' dir='ltr'>Perre,</span> 
     </span>
     <span class='ocr_line' id='line_1_22' title="bbox 545 2652 2231 2747; baseline -0.005 -22"><span class='ocrx_word' id='word_1_173' title='bbox 545 2660 594 2724; x_wconf 88' lang='lat' dir='ltr'>si</span> <span class='ocrx_word' id='word_1_174' title='bbox 620 2659 899 2747; x_wconf 86' lang='lat' dir='ltr'>cujusvis</span> <span class='ocrx_word' id='word_1_175' title='bbox 925 2657 1149 2722; x_wconf 84' lang='lat' dir='ltr'>animae</span> <span class='ocrx_word' id='word_1_176' title='bbox 1179 2652 1548 2743; x_wconf 83' lang='lat' dir='ltr'>magnitudo</span> <span class='ocrx_word' id='word_1_177' title='bbox 1591 2653 1717 2718; x_wconf 90' lang='lat' dir='ltr'>suis</span> <span class='ocrx_word' id='word_1_178' title='bbox 1761 2652 2078 2740; x_wconf 87' lang='lat' dir='ltr'>utrimque</span> <span class='ocrx_word' id='word_1_179' title='bbox 2108 2667 2231 2719; x_wconf 88' lang='lat' dir='ltr'>ter·</span> 
     </span>
     <span class='ocr_line' id='line_1_23' title="bbox 544 2754 2231 2847; baseline -0.006 -19"><span class='ocrx_word' id='word_1_180' title='bbox 544 2762 724 2827; x_wconf 90' lang='lat' dir='ltr'>minis</span> <span class='ocrx_word' id='word_1_181' title='bbox 768 2759 1231 2847; x_wconf 82' lang='lat' dir='ltr'>circumscripta</span> <span class='ocrx_word' id='word_1_182' title='bbox 1270 2757 1388 2822; x_wconf 90' lang='lat' dir='ltr'>erit</span> <span class='ocrx_word' id='word_1_183' title='bbox 1429 2754 1528 2820; x_wconf 83' lang='lat' dir='ltr'>vel</span> <span class='ocrx_word' id='word_1_184' title='bbox 1575 2755 1659 2820; x_wconf 90' lang='lat' dir='ltr'>ad</span> <span class='ocrx_word' id='word_1_185' title='bbox 1704 2754 1911 2820; x_wconf 89' lang='lat' dir='ltr'>minus</span> <span class='ocrx_word' id='word_1_186' title='bbox 1953 2754 2231 2842; x_wconf 88' lang='lat' dir='ltr'>quidem,</span> 
     </span>
     <span class='ocr_line' id='line_1_24' title="bbox 545 2856 2228 2952; baseline -0.004 -24"><span class='ocrx_word' id='word_1_187' title='bbox 545 2867 640 2932; x_wconf 82' lang='lat' dir='ltr'>vel</span> <span class='ocrx_word' id='word_1_188' title='bbox 681 2864 766 2931; x_wconf 86' lang='lat' dir='ltr'>ad</span> <span class='ocrx_word' id='word_1_189' title='bbox 806 2865 1032 2952; x_wconf 89' lang='lat' dir='ltr'>majus,</span> <span class='ocrx_word' id='word_1_190' title='bbox 1062 2861 1270 2927; x_wconf 79' lang='lat' dir='ltr'>anima</span> <span class='ocrx_word' id='word_1_191' title='bbox 1310 2882 1435 2924; x_wconf 87' lang='lat' dir='ltr'>non</span> <span class='ocrx_word' id='word_1_192' title='bbox 1472 2858 1645 2923; x_wconf 82' lang='lat' dir='ltr'>erit.&#39;&#39;</span> <span class='ocrx_word' id='word_1_193' title='bbox 1731 2858 1834 2923; x_wconf 89' lang='lat' dir='ltr'>Ad</span> <span class='ocrx_word' id='word_1_194' title='bbox 1873 2856 2228 2945; x_wconf 85' lang='lat' dir='ltr'>sequentia:</span> 
     </span>
     <span class='ocr_line' id='line_1_25' title="bbox 543 2959 2235 3049; baseline -0.006 -14"><span class='ocrx_word' id='word_1_195' title='bbox 543 2972 685 3035; x_wconf 84' lang='grc' dir='ltr'>ὅταν</span> <span class='ocrx_word' id='word_1_196' title='bbox 713 2970 922 3048; x_wconf 80' lang='grc' dir='ltr'>δίδυμα</span> <span class='ocrx_word' id='word_1_197' title='bbox 950 2966 1191 3049; x_wconf 83' lang='grc' dir='ltr'>γένηται</span> <span class='ocrx_word' id='word_1_198' title='bbox 1219 2962 1578 3048; x_wconf 86' lang='grc' dir='ltr'>γεννήματα,</span> <span class='ocrx_word' id='word_1_199' title='bbox 1604 2959 1641 3042; x_wconf 86' lang='grc' dir='ltr'>ἢ</span> <span class='ocrx_word' id='word_1_200' title='bbox 1663 2963 2106 3028; x_wconf 51' lang='grc' dir='ltr'>καὶ-επλεῖστα</span> <span class='ocrx_word' id='word_1_201' title='bbox 2125 2960 2235 3026; x_wconf 91' lang='lat' dir='ltr'>ad-</span> 
     </span>
     <span class='ocr_line' id='line_1_26' title="bbox 543 3062 2235 3157; baseline -0.007 -20"><span class='ocrx_word' id='word_1_202' title='bbox 543 3072 686 3138; x_wconf 87' lang='lat' dir='ltr'>hibe</span> <span class='ocrx_word' id='word_1_203' title='bbox 713 3094 809 3150; x_wconf 81' lang='lat' dir='ltr'>ea,</span> <span class='ocrx_word' id='word_1_204' title='bbox 847 3092 995 3157; x_wconf 85' lang='lat' dir='ltr'>quae</span> <span class='ocrx_word' id='word_1_205' title='bbox 1031 3066 1354 3156; x_wconf 79' lang='lat' dir='ltr'>posuimus</span> <span class='ocrx_word' id='word_1_206' title='bbox 1393 3064 1556 3129; x_wconf 89' lang='lat' dir='ltr'>infra</span> <span class='ocrx_word' id='word_1_207' title='bbox 1598 3062 1681 3129; x_wconf 86' lang='lat' dir='ltr'>ad</span> <span class='ocrx_word' id='word_1_208' title='bbox 1710 3087 1775 3152; x_wconf 90' lang='lat' dir='ltr'>p.</span> <span class='ocrx_word' id='word_1_209' title='bbox 1803 3083 1954 3149; x_wconf 87' lang='lat'><strong>541.</strong></span> <span class='ocrx_word' id='word_1_210' title='bbox 1987 3066 2076 3127; x_wconf 90' lang='lat' dir='ltr'>A.</span> <span class='ocrx_word' id='word_1_211' title='bbox 2108 3062 2235 3128; x_wconf 88' lang='lat' dir='ltr'>sive</span> 
     </span>
    </p>

    <p class='ocr_par' dir='ltr' id='par_1_6' title="bbox 541 3268 2238 5313">
     <span class='ocr_line' id='line_1_27' title="bbox 626 3268 2238 3361; baseline -0.007 -17"><span class='ocrx_word' id='word_1_212' title='bbox 626 3316 715 3329; x_wconf 92' lang='lat'>—</span> <span class='ocrx_word' id='word_1_213' title='bbox 752 3295 849 3361; x_wconf 88' lang='lat'>17.</span> <span class='ocrx_word' id='word_1_214' title='bbox 898 3279 1069 3341; x_wconf 80' lang='grc' dir='ltr'>τοῦτο</span> <span class='ocrx_word' id='word_1_215' title='bbox 1110 3275 1177 3339; x_wconf 84' lang='grc' dir='ltr'>ἐν</span> <span class='ocrx_word' id='word_1_216' title='bbox 1216 3276 1285 3355; x_wconf 80' lang='grc' dir='ltr'>τῇ</span> <span class='ocrx_word' id='word_1_217' title='bbox 1322 3273 1501 3338; x_wconf 77' lang='grc' dir='ltr'>αὑτοῦ</span> <span class='ocrx_word' id='word_1_218' title='bbox 1534 3270 1712 3357; x_wconf 77' lang='grc' dir='ltr'>οὐσίᾳ</span> <span class='ocrx_word' id='word_1_219' title='bbox 1744 3270 1812 3335; x_wconf 84' lang='grc' dir='ltr'>τὸ</span> <span class='ocrx_word' id='word_1_220' title='bbox 1858 3269 2054 3335; x_wconf 83' lang='grc' dir='ltr'>ποσὸν</span> <span class='ocrx_word' id='word_1_221' title='bbox 2085 3268 2238 3334; x_wconf 81' lang='grc' dir='ltr'>εἶναι</span> 
     </span>
     <span class='ocr_line' id='line_1_28' title="bbox 544 3369 2234 3462; baseline -0.006 -17"><span class='ocrx_word' id='word_1_222' title='bbox 544 3373 1005 3462; x_wconf 70' lang='grc' dir='ltr'>ὑπερβέβηκεν]</span> <span class='ocrx_word' id='word_1_223' title='bbox 1052 3374 1239 3438; x_wconf 84' lang='lat' dir='ltr'>Hanc</span> <span class='ocrx_word' id='word_1_224' title='bbox 1269 3369 1775 3459; x_wconf 85' lang='lat' dir='ltr'>disputationem,</span> <span class='ocrx_word' id='word_1_225' title='bbox 1795 3393 1925 3457; x_wconf 84' lang='lat' dir='ltr'>qua</span> <span class='ocrx_word' id='word_1_226' title='bbox 1955 3369 2234 3435; x_wconf 87' lang='lat' dir='ltr'>Platonis</span> 
     </span>
     <span class='ocr_line' id='line_1_29' title="bbox 541 3472 2235 3567; baseline -0.005 -20"><span class='ocrx_word' id='word_1_227' title='bbox 541 3477 881 3567; x_wconf 79' lang='lat' dir='ltr'>disputatio</span> <span class='ocrx_word' id='word_1_228' title='bbox 921 3476 1291 3563; x_wconf 80' lang='lat' dir='ltr'>integratur,</span> <span class='ocrx_word' id='word_1_229' title='bbox 1334 3474 1551 3562; x_wconf 84' lang='lat' dir='ltr'>paucis</span> <span class='ocrx_word' id='word_1_230' title='bbox 1587 3472 1794 3537; x_wconf 83' lang='lat' dir='ltr'>verbis</span> <span class='ocrx_word' id='word_1_231' title='bbox 1834 3473 2235 3560; x_wconf 84' lang='lat' dir='ltr'>comprehen-</span> 
     </span>
     <span class='ocr_line' id='line_1_30' title="bbox 545 3576 2233 3668; baseline -0.004 -21"><span class='ocrx_word' id='word_1_232' title='bbox 545 3582 636 3647; x_wconf 87' lang='lat' dir='ltr'>dit</span> <span class='ocrx_word' id='word_1_233' title='bbox 663 3578 1057 3668; x_wconf 78' lang='lat' dir='ltr'>Porphyrius</span> <span class='ocrx_word' id='word_1_234' title='bbox 1093 3577 1180 3643; x_wconf 82' lang='lat' dir='ltr'>de</span> <span class='ocrx_word' id='word_1_235' title='bbox 1224 3577 1544 3643; x_wconf 81' lang='lat' dir='ltr'>Gradibus</span> <span class='ocrx_word' id='word_1_236' title='bbox 1574 3576 1853 3645; x_wconf 88' lang='lat' dir='ltr'><strong>XVIII.</strong></span> <span class='ocrx_word' id='word_1_237' title='bbox 1886 3600 1953 3664; x_wconf 91' lang='lat' dir='ltr'>p.</span> <span class='ocrx_word' id='word_1_238' title='bbox 1988 3592 2151 3662; x_wconf 81' lang='lat'>225:</span> <span class='ocrx_word' id='word_1_239' title='bbox 2196 3578 2233 3657; x_wconf 84' lang='grc' dir='ltr'><em>ἡ</em></span> 
     </span>
     <span class='ocr_line' id='line_1_31' title="bbox 544 3681 2231 3770; baseline -0.003 -21"><span class='ocrx_word' id='word_1_240' title='bbox 544 3686 729 3770; x_wconf 75' lang='grc' dir='ltr'>ψυχὴ,</span> <span class='ocrx_word' id='word_1_241' title='bbox 784 3684 962 3748; x_wconf 77' lang='grc' dir='ltr'>οὐσία</span> <span class='ocrx_word' id='word_1_242' title='bbox 1005 3681 1314 3764; x_wconf 81' lang='grc' dir='ltr'>ἀμεγέθης,</span> <span class='ocrx_word' id='word_1_243' title='bbox 1367 3682 1567 3755; x_wconf 79' lang='grc' dir='ltr'>ἄῦλος,</span> <span class='ocrx_word' id='word_1_244' title='bbox 1630 3682 1951 3763; x_wconf 79' lang='grc' dir='ltr'>ἄφθαρτος.</span> <span class='ocrx_word' id='word_1_245' title='bbox 2011 3682 2077 3744; x_wconf 95' lang='grc' dir='ltr'>ἐν</span> <span class='ocrx_word' id='word_1_246' title='bbox 2118 3685 2231 3761; x_wconf 78' lang='grc' dir='ltr'>ζωῇ</span> 
     </span>
     <span class='ocr_line' id='line_1_32' title="bbox 542 3782 2226 3871; baseline -0.003 -18"><span class='ocrx_word' id='word_1_247' title='bbox 542 3787 672 3871; x_wconf 86' lang='grc' dir='ltr'>παρ’</span> <span class='ocrx_word' id='word_1_248' title='bbox 705 3790 914 3865; x_wconf 74' lang='grc' dir='ltr'>ἑαυτῆς</span> <span class='ocrx_word' id='word_1_249' title='bbox 939 3787 1162 3868; x_wconf 79' lang='grc' dir='ltr'>ἐχούσῃ</span> <span class='ocrx_word' id='word_1_250' title='bbox 1190 3784 1258 3851; x_wconf 85' lang='grc' dir='ltr'>τὸ</span> <span class='ocrx_word' id='word_1_251' title='bbox 1285 3788 1391 3864; x_wconf 73' lang='grc' dir='ltr'>ζῇν</span> <span class='ocrx_word' id='word_1_252' title='bbox 1423 3782 1740 3864; x_wconf 73' lang='grc' dir='ltr'>κεκτημένη</span> <span class='ocrx_word' id='word_1_253' title='bbox 1769 3783 1837 3847; x_wconf 84' lang='grc' dir='ltr'>τὸ</span> <span class='ocrx_word' id='word_1_254' title='bbox 1873 3782 2043 3848; x_wconf 84' lang='grc' dir='ltr'>εἶναι.</span> <span class='ocrx_word' id='word_1_255' title='bbox 2123 3783 2226 3848; x_wconf 89' lang='lat' dir='ltr'>Cf.</span> 
     </span>
     <span class='ocr_line' id='line_1_33' title="bbox 543 3885 2227 3974; baseline -0.004 -18"><span class='ocrx_word' id='word_1_256' title='bbox 543 3890 722 3959; x_wconf 71' lang='lat' dir='ltr'>etiam</span> <span class='ocrx_word' id='word_1_257' title='bbox 770 3886 1173 3953; x_wconf 86' lang='lat' dir='ltr'>Aristotelem</span> <span class='ocrx_word' id='word_1_258' title='bbox 1219 3885 1301 3951; x_wconf 87' lang='lat' dir='ltr'>de</span> <span class='ocrx_word' id='word_1_259' title='bbox 1343 3885 1574 3951; x_wconf 86' lang='lat' dir='ltr'>Anima</span> <span class='ocrx_word' id='word_1_260' title='bbox 1625 3887 1682 3951; x_wconf 91' lang='lat'>1.</span> <span class='ocrx_word' id='word_1_261' title='bbox 1711 3906 1771 3971; x_wconf 86' lang='lat'>3.</span> <span class='ocrx_word' id='word_1_262' title='bbox 1820 3909 1884 3974; x_wconf 89' lang='lat' dir='ltr'>p.</span> <span class='ocrx_word' id='word_1_263' title='bbox 1927 3905 2021 3950; x_wconf 91' lang='lat'>11.</span> <span class='ocrx_word' id='word_1_264' title='bbox 2064 3885 2227 3951; x_wconf 89' lang='lat' dir='ltr'>med.</span> 
     </span>
     <span class='ocr_line' id='line_1_34' title="bbox 549 3987 2229 4081; baseline -0.004 -22"><span class='ocrx_word' id='word_1_265' title='bbox 549 3993 721 4081; x_wconf 88' lang='lat' dir='ltr'><strong>Sylb.</strong></span> <span class='ocrx_word' id='word_1_266' title='bbox 825 3990 1081 4057; x_wconf 89' lang='lat' dir='ltr'>Addam</span> <span class='ocrx_word' id='word_1_267' title='bbox 1138 3988 1340 4055; x_wconf 86' lang='lat' dir='ltr'>locum</span> <span class='ocrx_word' id='word_1_268' title='bbox 1399 3987 1755 4066; x_wconf 87' lang='lat' dir='ltr'>Athanasii,</span> <span class='ocrx_word' id='word_1_269' title='bbox 1814 4010 1956 4053; x_wconf 88' lang='lat' dir='ltr'>cum</span> <span class='ocrx_word' id='word_1_270' title='bbox 2004 3989 2229 4070; x_wconf 88' lang='lat' dir='ltr'>verbis,</span> 
     </span>
     <span class='ocr_line' id='line_1_35' title="bbox 548 4090 2232 4171; baseline -0.004 -9"><span class='ocrx_word' id='word_1_271' title='bbox 548 4112 678 4162; x_wconf 88' lang='lat' dir='ltr'>tum</span> <span class='ocrx_word' id='word_1_272' title='bbox 708 4094 1029 4171; x_wconf 89' lang='lat' dir='ltr'>sententia,</span> <span class='ocrx_word' id='word_1_273' title='bbox 1060 4091 1232 4157; x_wconf 88' lang='lat' dir='ltr'>haud</span> <span class='ocrx_word' id='word_1_274' title='bbox 1279 4091 1632 4157; x_wconf 86' lang='lat' dir='ltr'>dissimilem</span> <span class='ocrx_word' id='word_1_275' title='bbox 1675 4090 2024 4169; x_wconf 89' lang='lat' dir='ltr'>Plotiniani,</span> <span class='ocrx_word' id='word_1_276' title='bbox 2067 4094 2232 4156; x_wconf 90' lang='lat' dir='ltr'>Con-</span> 
     </span>
     <span class='ocr_line' id='line_1_36' title="bbox 547 4194 2232 4283; baseline -0.001 -19"><span class='ocrx_word' id='word_1_277' title='bbox 547 4216 638 4264; x_wconf 84' lang='lat' dir='ltr'>tra</span> <span class='ocrx_word' id='word_1_278' title='bbox 664 4199 903 4264; x_wconf 87' lang='lat' dir='ltr'>Gentes</span> <span class='ocrx_word' id='word_1_279' title='bbox 929 4219 996 4283; x_wconf 91' lang='lat' dir='ltr'>p.</span> <span class='ocrx_word' id='word_1_280' title='bbox 1028 4196 1136 4281; x_wconf 87' lang='lat'>36.</span> <span class='ocrx_word' id='word_1_281' title='bbox 1165 4194 1263 4259; x_wconf 87' lang='lat' dir='ltr'>ed.</span> <span class='ocrx_word' id='word_1_282' title='bbox 1298 4194 1517 4260; x_wconf 88' lang='lat' dir='ltr'>Colon.</span> <span class='ocrx_word' id='word_1_283' title='bbox 1553 4196 1714 4259; x_wconf 89' lang='lat'>1686</span> <span class='ocrx_word' id='word_1_284' title='bbox 1739 4218 1754 4257; x_wconf 71' lang='grc' dir='ltr'>ε</span> <span class='ocrx_word' id='word_1_285' title='bbox 1802 4195 1839 4273; x_wconf 86' lang='grc' dir='ltr'><em>ἡ</em></span> <span class='ocrx_word' id='word_1_286' title='bbox 1867 4197 1984 4277; x_wconf 78' lang='grc' dir='ltr'>γὰρ</span> <span class='ocrx_word' id='word_1_287' title='bbox 2008 4196 2232 4274; x_wconf 88' lang='grc' dir='ltr'>κίνησις</span> 
     </span>
     <span class='ocr_line' id='line_1_37' title="bbox 545 4294 2230 4385; baseline -0.002 -21"><span class='ocrx_word' id='word_1_288' title='bbox 545 4307 640 4382; x_wconf 77' lang='grc' dir='ltr'>τῆς</span> <span class='ocrx_word' id='word_1_289' title='bbox 664 4304 865 4385; x_wconf 74' lang='grc' dir='ltr'>ψυχῆς</span> <span class='ocrx_word' id='word_1_290' title='bbox 892 4300 1065 4363; x_wconf 76' lang='grc' dir='ltr'>οὐδὲν</span> <span class='ocrx_word' id='word_1_291' title='bbox 1093 4298 1297 4380; x_wconf 81' lang='grc' dir='ltr'>ἕτερόν</span> <span class='ocrx_word' id='word_1_292' title='bbox 1328 4294 1552 4377; x_wconf 84' lang='grc' dir='ltr'>ἐστινῆ</span> <span class='ocrx_word' id='word_1_293' title='bbox 1580 4299 1617 4377; x_wconf 86' lang='grc' dir='ltr'><em>ἡ</em></span> <span class='ocrx_word' id='word_1_294' title='bbox 1644 4296 1759 4376; x_wconf 74' lang='grc' dir='ltr'>ζωὴ</span> <span class='ocrx_word' id='word_1_295' title='bbox 1789 4296 1981 4376; x_wconf 77' lang='grc' dir='ltr'>αὐτῆς·</span> <span class='ocrx_word' id='word_1_296' title='bbox 2030 4298 2230 4378; x_wconf 81' lang='grc' dir='ltr'>ὥσπερ</span> 
     </span>
     <span class='ocr_line' id='line_1_38' title="bbox 546 4397 2227 4483; baseline -0.005 -15"><span class='ocrx_word' id='word_1_297' title='bbox 546 4403 750 4483; x_wconf 85' lang='grc' dir='ltr'>ἀμέλει</span> <span class='ocrx_word' id='word_1_298' title='bbox 781 4402 876 4466; x_wconf 81' lang='grc' dir='ltr'>καὶ</span> <span class='ocrx_word' id='word_1_299' title='bbox 902 4400 971 4465; x_wconf 82' lang='grc' dir='ltr'>τὸ</span> <span class='ocrx_word' id='word_1_300' title='bbox 1010 4406 1181 4480; x_wconf 86' lang='grc' dir='ltr'>σῶμα</span> <span class='ocrx_word' id='word_1_301' title='bbox 1219 4401 1357 4463; x_wconf 88' lang='grc' dir='ltr'>τότε</span> <span class='ocrx_word' id='word_1_302' title='bbox 1383 4402 1490 4479; x_wconf 73' lang='grc' dir='ltr'>ζῇν</span> <span class='ocrx_word' id='word_1_303' title='bbox 1518 4397 1802 4481; x_wconf 86' lang='grc' dir='ltr'>λέγομεν,</span> <span class='ocrx_word' id='word_1_304' title='bbox 1834 4397 1937 4461; x_wconf 84' lang='grc' dir='ltr'>ὅτε</span> <span class='ocrx_word' id='word_1_305' title='bbox 1967 4401 2227 4468; x_wconf 83' lang='grc' dir='ltr'>κινεῖται,</span> 
     </span>
     <span class='ocr_line' id='line_1_39' title="bbox 547 4498 2229 4580; baseline -0.004 -10"><span class='ocrx_word' id='word_1_306' title='bbox 547 4507 636 4570; x_wconf 82' lang='grc' dir='ltr'>καὶ</span> <span class='ocrx_word' id='word_1_307' title='bbox 663 4509 799 4570; x_wconf 90' lang='grc' dir='ltr'>τότε</span> <span class='ocrx_word' id='word_1_308' title='bbox 829 4503 1085 4570; x_wconf 87' lang='grc' dir='ltr'>θάνατον</span> <span class='ocrx_word' id='word_1_309' title='bbox 1113 4502 1291 4566; x_wconf 82' lang='grc' dir='ltr'>αὐτοῦ</span> <span class='ocrx_word' id='word_1_310' title='bbox 1320 4501 1490 4576; x_wconf 78' lang='grc' dir='ltr'>εἶναι,</span> <span class='ocrx_word' id='word_1_311' title='bbox 1511 4502 1614 4565; x_wconf 85' lang='grc' dir='ltr'>ὅτε</span> <span class='ocrx_word' id='word_1_312' title='bbox 1643 4504 1742 4580; x_wconf 80' lang='grc' dir='ltr'>τῆς</span> <span class='ocrx_word' id='word_1_313' title='bbox 1771 4498 2054 4579; x_wconf 82' lang='grc' dir='ltr'>κινήσεως</span> <span class='ocrx_word' id='word_1_314' title='bbox 2080 4501 2229 4564; x_wconf 80' lang='grc' dir='ltr'>παύ-</span> 
     </span>
     <span class='ocr_line' id='line_1_40' title="bbox 547 4600 2231 4685; baseline -0.006 -10"><span class='ocrx_word' id='word_1_315' title='bbox 547 4636 688 4675; x_wconf 90' lang='grc' dir='ltr'>εται.</span> <span class='ocrx_word' id='word_1_316' title='bbox 732 4612 904 4673; x_wconf 81' lang='grc' dir='ltr'>τοῦτο</span> <span class='ocrx_word' id='word_1_317' title='bbox 933 4609 999 4671; x_wconf 78' lang='grc' dir='ltr'>δὲ</span> <span class='ocrx_word' id='word_1_318' title='bbox 1030 4606 1125 4669; x_wconf 86' lang='grc' dir='ltr'>καὶ</span> <span class='ocrx_word' id='word_1_319' title='bbox 1154 4605 1271 4669; x_wconf 85' lang='grc' dir='ltr'>ἀπὸ</span> <span class='ocrx_word' id='word_1_320' title='bbox 1301 4608 1402 4684; x_wconf 81' lang='grc' dir='ltr'>τῆς</span> <span class='ocrx_word' id='word_1_321' title='bbox 1430 4605 1497 4668; x_wconf 89' lang='grc' dir='ltr'>ἐν</span> <span class='ocrx_word' id='word_1_322' title='bbox 1526 4604 1752 4683; x_wconf 78' lang='grc' dir='ltr'>σώματι</span> <span class='ocrx_word' id='word_1_323' title='bbox 1776 4600 2045 4681; x_wconf 70' lang='grc' dir='ltr'>καθάπαξ</span> <span class='ocrx_word' id='word_1_324' title='bbox 2070 4604 2231 4685; x_wconf 85' lang='grc' dir='ltr'>ἐνερ-</span> 
     </span>
     <span class='ocr_line' id='line_1_41' title="bbox 543 4705 2231 4795; baseline -0.004 -18"><span class='ocrx_word' id='word_1_325' title='bbox 543 4714 704 4795; x_wconf 88' lang='grc' dir='ltr'>γείας</span> <span class='ocrx_word' id='word_1_326' title='bbox 732 4711 908 4790; x_wconf 77' lang='grc' dir='ltr'>αὐτῆς</span> <span class='ocrx_word' id='word_1_327' title='bbox 934 4709 1354 4791; x_wconf 80' lang='grc' dir='ltr'>φανερώτατον</span> <span class='ocrx_word' id='word_1_328' title='bbox 1383 4707 1458 4771; x_wconf 79' lang='grc' dir='ltr'>ἄν</span> <span class='ocrx_word' id='word_1_329' title='bbox 1488 4732 1573 4772; x_wconf 85' lang='grc' dir='ltr'>τις</span> <span class='ocrx_word' id='word_1_330' title='bbox 1599 4708 1733 4770; x_wconf 77' lang='grc' dir='ltr'>ἴδοι.</span> <span class='ocrx_word' id='word_1_331' title='bbox 1780 4708 1833 4769; x_wconf 78' lang='grc' dir='ltr'>εἷ</span> <span class='ocrx_word' id='word_1_332' title='bbox 1862 4707 1977 4787; x_wconf 76' lang='grc' dir='ltr'>γὰρ</span> <span class='ocrx_word' id='word_1_333' title='bbox 2007 4705 2101 4768; x_wconf 86' lang='grc' dir='ltr'>καὶ</span> <span class='ocrx_word' id='word_1_334' title='bbox 2129 4706 2231 4770; x_wconf 83' lang='grc' dir='ltr'>ὅτε</span> 
     </span>
     <span class='ocr_line' id='line_1_42' title="bbox 543 4808 2230 4895; baseline -0.004 -18"><span class='ocrx_word' id='word_1_335' title='bbox 543 4815 606 4879; x_wconf 86' lang='grc' dir='ltr'>τὸ</span> <span class='ocrx_word' id='word_1_336' title='bbox 637 4820 809 4895; x_wconf 87' lang='grc' dir='ltr'>σῶμα</span> <span class='ocrx_word' id='word_1_337' title='bbox 846 4811 1171 4893; x_wconf 79' lang='grc' dir='ltr'>ἐπιβέβηκε</span> <span class='ocrx_word' id='word_1_338' title='bbox 1212 4810 1307 4875; x_wconf 89' lang='grc' dir='ltr'>καὶ</span> <span class='ocrx_word' id='word_1_339' title='bbox 1346 4809 1689 4874; x_wconf 84' lang='grc' dir='ltr'>συνδέδεται</span> <span class='ocrx_word' id='word_1_340' title='bbox 1732 4808 1936 4894; x_wconf 77' lang='grc' dir='ltr'>τούτῳ,</span> <span class='ocrx_word' id='word_1_341' title='bbox 1969 4808 2039 4872; x_wconf 82' lang='grc' dir='ltr'>οὗ</span> <span class='ocrx_word' id='word_1_342' title='bbox 2083 4812 2230 4873; x_wconf 76' lang='grc' dir='ltr'>κατὰ</span> 
     </span>
     <span class='ocr_line' id='line_1_43' title="bbox 544 4910 2223 4997; baseline -0.003 -16"><span class='ocrx_word' id='word_1_343' title='bbox 544 4919 646 4997; x_wconf 77' lang='grc' dir='ltr'>τὴν</span> <span class='ocrx_word' id='word_1_344' title='bbox 674 4920 782 4981; x_wconf 80' lang='grc' dir='ltr'>τοῦ</span> <span class='ocrx_word' id='word_1_345' title='bbox 807 4916 1078 4995; x_wconf 72' lang='grc' dir='ltr'>σώματος</span> <span class='ocrx_word' id='word_1_346' title='bbox 1116 4915 1473 4996; x_wconf 87' lang='grc' dir='ltr'>σμικρότητα</span> <span class='ocrx_word' id='word_1_347' title='bbox 1516 4910 1912 4977; x_wconf 80' lang='grc' dir='ltr'>συστέλλεται</span> <span class='ocrx_word' id='word_1_348' title='bbox 1952 4912 2048 4975; x_wconf 84' lang='grc' dir='ltr'>καὶ</span> <span class='ocrx_word' id='word_1_349' title='bbox 2078 4937 2223 4992; x_wconf 76' lang='grc' dir='ltr'>συμ-</span> 
     </span>
     <span class='ocr_line' id='line_1_44' title="bbox 542 5013 2226 5101; baseline -0.004 -18"><span class='ocrx_word' id='word_1_350' title='bbox 542 5023 854 5101; x_wconf 83' lang='grc' dir='ltr'>μετρεῖται,</span> <span class='ocrx_word' id='word_1_351' title='bbox 886 5018 1049 5081; x_wconf 78' lang='grc' dir='ltr'>ἀλλᾶ</span> <span class='ocrx_word' id='word_1_352' title='bbox 1085 5015 1375 5083; x_wconf 80' lang='grc' dir='ltr'>πολλάκις</span> <span class='ocrx_word' id='word_1_353' title='bbox 1412 5014 1510 5079; x_wconf 87' lang='grc' dir='ltr'>ἐπὶ</span> <span class='ocrx_word' id='word_1_354' title='bbox 1547 5016 1749 5095; x_wconf 80' lang='grc' dir='ltr'>κλίνης</span> <span class='ocrx_word' id='word_1_355' title='bbox 1789 5014 1998 5077; x_wconf 79' lang='grc' dir='ltr'>τούτου</span> <span class='ocrx_word' id='word_1_356' title='bbox 2034 5013 2226 5093; x_wconf 86' lang='grc' dir='ltr'>κειμέ-</span> 
     </span>
     <span class='ocr_line' id='line_1_45' title="bbox 544 5115 2228 5202; baseline -0.002 -18"><span class='ocrx_word' id='word_1_357' title='bbox 544 5147 643 5187; x_wconf 86' lang='grc' dir='ltr'>νου</span> <span class='ocrx_word' id='word_1_358' title='bbox 673 5121 771 5185; x_wconf 82' lang='grc' dir='ltr'>καὶ</span> <span class='ocrx_word' id='word_1_359' title='bbox 799 5121 896 5184; x_wconf 83' lang='grc' dir='ltr'>καὶ</span> <span class='ocrx_word' id='word_1_360' title='bbox 921 5119 1002 5199; x_wconf 74' lang='grc' dir='ltr'>μὴ</span> <span class='ocrx_word' id='word_1_361' title='bbox 1034 5118 1376 5198; x_wconf 84' lang='grc' dir='ltr'>κινουμένου</span> <span class='ocrx_word' id='word_1_362' title='bbox 1402 5119 1479 5185; x_wconf 80' lang='grc' dir='ltr'>ὥς</span> <span class='ocrx_word' id='word_1_363' title='bbox 1508 5119 1576 5180; x_wconf 89' lang='grc' dir='ltr'>ἐν</span> <span class='ocrx_word' id='word_1_364' title='bbox 1605 5116 1837 5202; x_wconf 78' lang='grc' dir='ltr'>θανάτῳ</span> <span class='ocrx_word' id='word_1_365' title='bbox 1869 5115 2228 5196; x_wconf 87' lang='grc' dir='ltr'>κοιμωμένου</span> 
     </span>
     <span class='ocr_line' id='line_1_46' title="bbox 549 5219 2229 5313; baseline 0 -24"><span class='ocrx_word' id='word_1_366' title='bbox 549 5225 735 5313; x_wconf 85' lang='lat' dir='ltr'><strong>(Leg.</strong></span> <span class='ocrx_word' id='word_1_367' title='bbox 769 5249 818 5288; x_wconf 95' lang='grc' dir='ltr'>ε.</span> <span class='ocrx_word' id='word_1_368' title='bbox 853 5231 946 5287; x_wconf 85' lang='grc' dir='ltr'>κλ.</span> <span class='ocrx_word' id='word_1_369' title='bbox 980 5249 1031 5286; x_wconf 91' lang='grc' dir='ltr'>τ.</span> <span class='ocrx_word' id='word_1_370' title='bbox 1066 5222 1333 5303; x_wconf 86' lang='grc' dir='ltr'>κειμένου</span> <span class='ocrx_word' id='word_1_371' title='bbox 1382 5222 1477 5288; x_wconf 81' lang='grc' dir='ltr'>καὶ</span> <span class='ocrx_word' id='word_1_372' title='bbox 1508 5222 1589 5301; x_wconf 76' lang='grc' dir='ltr'>μὴ</span> <span class='ocrx_word' id='word_1_373' title='bbox 1628 5219 1971 5301; x_wconf 86' lang='grc' dir='ltr'>κινουμένου</span> <span class='ocrx_word' id='word_1_374' title='bbox 2017 5221 2114 5285; x_wconf 81' lang='grc' dir='ltr'>καὶ</span> <span class='ocrx_word' id='word_1_375' title='bbox 2152 5223 2229 5289; x_wconf 79' lang='grc' dir='ltr'>ὥς</span> 
     </span>
    </p>
   </div>
   <div class='ocr_carea' id='block_1_5' title="bbox 541 5324 2224 5512">
    <p class='ocr_par' dir='ltr' id='par_1_7' title="bbox 541 5324 2224 5512">
     <span class='ocr_line' id='line_1_47' title="bbox 541 5324 2224 5410; baseline -0.001 -21"><span class='ocrx_word' id='word_1_376' title='bbox 541 5329 590 5390; x_wconf 90' lang='grc' dir='ltr'>ἐ.</span> <span class='ocrx_word' id='word_1_377' title='bbox 620 5333 677 5391; x_wconf 91' lang='grc' dir='ltr'>θ.</span> <span class='ocrx_word' id='word_1_378' title='bbox 710 5330 799 5410; x_wconf 86' lang='grc' dir='ltr'>κ.)</span> <span class='ocrx_word' id='word_1_379' title='bbox 832 5327 975 5405; x_wconf 76' lang='grc' dir='ltr'>αὕτη</span> <span class='ocrx_word' id='word_1_380' title='bbox 1006 5329 1152 5390; x_wconf 69' lang='grc' dir='ltr'>κατὰ</span> <span class='ocrx_word' id='word_1_381' title='bbox 1172 5326 1281 5404; x_wconf 75' lang='grc' dir='ltr'>τὴν</span> <span class='ocrx_word' id='word_1_382' title='bbox 1309 5328 1515 5404; x_wconf 84' lang='grc' dir='ltr'>ἑαυτῆς</span> <span class='ocrx_word' id='word_1_383' title='bbox 1543 5325 1787 5403; x_wconf 83' lang='grc' dir='ltr'>δύναμιν</span> <span class='ocrx_word' id='word_1_384' title='bbox 1809 5329 2108 5405; x_wconf 85' lang='grc' dir='ltr'>γρηγορεῖ,</span> <span class='ocrx_word' id='word_1_385' title='bbox 2130 5324 2224 5389; x_wconf 81' lang='grc' dir='ltr'>καὶ</span> 
     </span>
     <span class='ocr_line' id='line_1_48' title="bbox 541 5428 1745 5512; baseline -0.004 -18"><span class='ocrx_word' id='word_1_386' title='bbox 541 5430 952 5512; x_wconf 81' lang='grc' dir='ltr'>ὖπερεκβαίνει</span> <span class='ocrx_word' id='word_1_387' title='bbox 978 5429 1085 5507; x_wconf 78' lang='grc' dir='ltr'>τὴν</span> <span class='ocrx_word' id='word_1_388' title='bbox 1111 5432 1215 5492; x_wconf 82' lang='grc' dir='ltr'>τοῦ</span> <span class='ocrx_word' id='word_1_389' title='bbox 1243 5430 1513 5508; x_wconf 76' lang='grc' dir='ltr'>σώματος</span> <span class='ocrx_word' id='word_1_390' title='bbox 1542 5428 1745 5509; x_wconf 81' lang='grc' dir='ltr'>φύσιν.</span> 
     </span>
    </p>
   </div>
   <div class='ocr_carea' id='block_1_6' title="bbox 1748 5463 1923 5476">
    <p class='ocr_par' dir='ltr' id='par_1_8' title="bbox 1748 5463 1923 5476">
     <span class='ocr_line' id='line_1_49' title="bbox 1748 5463 1923 5476; baseline 0 0"><span class='ocrx_word' id='word_1_391' title='bbox 1748 5463 1923 5476; x_wconf 95' lang='lat' dir='ltr'> </span> 
     </span>
    </p>
   </div>
   <div class='ocr_carea' id='block_1_7' title="bbox 2313 795 4021 5114">
    <p class='ocr_par' dir='ltr' id='par_1_9' title="bbox 2333 795 3143 884">
     <span class='ocr_line' id='line_1_50' title="bbox 2333 795 3143 884; baseline -0.002 -23"><span class='ocrx_word' id='word_1_392' title='bbox 2333 818 2359 861; x_wconf 89' lang='grc'>1</span> <span class='ocrx_word' id='word_1_393' title='bbox 2380 818 2542 872; x_wconf 86' lang='grc' dir='ltr'>11ος</span> <span class='ocrx_word' id='word_1_394' title='bbox 2592 820 2780 884; x_wconf 89' lang='lat' dir='ltr'>quem</span> <span class='ocrx_word' id='word_1_395' title='bbox 2814 795 3143 864; x_wconf 87' lang='lat' dir='ltr'>consulito.</span> 
     </span>
    </p>

    <p class='ocr_par' dir='ltr' id='par_1_10' title="bbox 2314 897 4021 2225">
     <span class='ocr_line' id='line_1_51' title="bbox 2412 897 4021 987; baseline 0.004 -23"><span class='ocrx_word' id='word_1_396' title='bbox 2412 922 2478 987; x_wconf 92' lang='lat' dir='ltr'>p.</span> <span class='ocrx_word' id='word_1_397' title='bbox 2503 900 2655 986; x_wconf 75' lang='grc'><strong>853,</strong></span> <span class='ocrx_word' id='word_1_398' title='bbox 2685 919 2748 985; x_wconf 85' lang='lat'>3.</span> <span class='ocrx_word' id='word_1_399' title='bbox 2787 897 2931 965; x_wconf 67' lang='lat' dir='ltr'>&#39;Orc</span> <span class='ocrx_word' id='word_1_400' title='bbox 2967 902 3033 964; x_wconf 78' lang='grc' dir='ltr'>δὲ</span> <span class='ocrx_word' id='word_1_401' title='bbox 3077 903 3131 964; x_wconf 75' lang='grc' dir='ltr'>εἰ</span> <span class='ocrx_word' id='word_1_402' title='bbox 3160 905 3330 980; x_wconf 83' lang='grc' dir='ltr'>σῶμα</span> <span class='ocrx_word' id='word_1_403' title='bbox 3357 903 3447 980; x_wconf 71' lang='grc' dir='ltr'>εἴη</span> <span class='ocrx_word' id='word_1_404' title='bbox 3473 901 3798 985; x_wconf 72' lang='grc' dir='ltr'>ψυχὴ-ἐκ</span> <span class='ocrx_word' id='word_1_405' title='bbox 3840 910 4021 970; x_wconf 77' lang='grc' dir='ltr'>τῶνδε</span> 
     </span>
     <span class='ocr_line' id='line_1_52' title="bbox 2319 1002 4018 1095; baseline 0.002 -27"><span class='ocrx_word' id='word_1_406' title='bbox 2319 1008 2521 1083; x_wconf 82' lang='grc' dir='ltr'>δῆλον.</span> <span class='ocrx_word' id='word_1_407' title='bbox 2575 1007 2654 1072; x_wconf 80' lang='grc' dir='ltr'>Εἴ</span> <span class='ocrx_word' id='word_1_408' title='bbox 2666 1030 2723 1068; x_wconf 85' lang='grc' dir='ltr'>τι</span> <span class='ocrx_word' id='word_1_409' title='bbox 2738 1002 2954 1084; x_wconf 87' lang='grc' dir='ltr'>μέλλει</span> <span class='ocrx_word' id='word_1_410' title='bbox 2970 1002 3369 1072; x_wconf 65' lang='grc' dir='ltr'>αἰσθάνεσθαί</span> <span class='ocrx_word' id='word_1_411' title='bbox 3383 1028 3543 1070; x_wconf 88' lang='grc' dir='ltr'>τινος</span> <span class='ocrx_word' id='word_1_412' title='bbox 3568 1031 3622 1068; x_wconf 93' lang='grc' dir='ltr'>κ.</span> <span class='ocrx_word' id='word_1_413' title='bbox 3641 1030 3693 1068; x_wconf 90' lang='grc' dir='ltr'>τ.</span> <span class='ocrx_word' id='word_1_414' title='bbox 3711 1006 3810 1095; x_wconf 92' lang='grc' dir='ltr'>λ.]</span> <span class='ocrx_word' id='word_1_415' title='bbox 3846 1007 4018 1080; x_wconf 78' lang='lat' dir='ltr'>Prae-</span> 
     </span>
     <span class='ocr_line' id='line_1_53' title="bbox 2319 1104 4015 1196; baseline 0.001 -24"><span class='ocrx_word' id='word_1_416' title='bbox 2319 1120 2414 1172; x_wconf 86' lang='lat' dir='ltr'>ter</span> <span class='ocrx_word' id='word_1_417' title='bbox 2441 1105 2606 1171; x_wconf 87' lang='lat' dir='ltr'>locos</span> <span class='ocrx_word' id='word_1_418' title='bbox 2636 1105 3013 1183; x_wconf 79' lang='lat' dir='ltr'>Platonicos,</span> <span class='ocrx_word' id='word_1_419' title='bbox 3043 1128 3204 1193; x_wconf 92' lang='lat' dir='ltr'>quos</span> <span class='ocrx_word' id='word_1_420' title='bbox 3234 1105 3325 1174; x_wconf 71' lang='lat' dir='ltr'>ad</span> <span class='ocrx_word' id='word_1_421' title='bbox 3366 1104 3652 1192; x_wconf 82' lang='lat' dir='ltr'>proxima</span> <span class='ocrx_word' id='word_1_422' title='bbox 3690 1108 3898 1196; x_wconf 81' lang='lat' dir='ltr'>capita</span> <span class='ocrx_word' id='word_1_423' title='bbox 3925 1108 4015 1174; x_wconf 88' lang='lat' dir='ltr'>in-</span> 
     </span>
     <span class='ocr_line' id='line_1_54' title="bbox 2316 1207 4010 1295; baseline 0.002 -20"><span class='ocrx_word' id='word_1_424' title='bbox 2316 1209 2682 1287; x_wconf 84' lang='lat' dir='ltr'>dicavimus,</span> <span class='ocrx_word' id='word_1_425' title='bbox 2732 1224 2797 1273; x_wconf 90' lang='lat' dir='ltr'>et</span> <span class='ocrx_word' id='word_1_426' title='bbox 2836 1208 2999 1276; x_wconf 82' lang='lat' dir='ltr'>infra</span> <span class='ocrx_word' id='word_1_427' title='bbox 3048 1208 3133 1276; x_wconf 80' lang='lat' dir='ltr'>ad</span> <span class='ocrx_word' id='word_1_428' title='bbox 3180 1207 3300 1276; x_wconf 94' lang='grc' dir='ltr'>11οο</span> <span class='ocrx_word' id='word_1_429' title='bbox 3346 1223 3539 1295; x_wconf 80' lang='lat' dir='ltr'>caput</span> <span class='ocrx_word' id='word_1_430' title='bbox 3582 1208 4010 1287; x_wconf 80' lang='lat' dir='ltr'>indicabimus,</span> 
     </span>
     <span class='ocr_line' id='line_1_55' title="bbox 2318 1309 4013 1402; baseline 0.001 -24"><span class='ocrx_word' id='word_1_431' title='bbox 2318 1312 2658 1379; x_wconf 83' lang='lat' dir='ltr'>adhibendi</span> <span class='ocrx_word' id='word_1_432' title='bbox 2687 1327 2834 1377; x_wconf 86' lang='lat' dir='ltr'>sunt</span> <span class='ocrx_word' id='word_1_433' title='bbox 2865 1310 3228 1377; x_wconf 83' lang='lat' dir='ltr'>Aristotelei</span> <span class='ocrx_word' id='word_1_434' title='bbox 3254 1309 3374 1376; x_wconf 83' lang='lat' dir='ltr'>loci</span> <span class='ocrx_word' id='word_1_435' title='bbox 3402 1310 3482 1376; x_wconf 88' lang='lat' dir='ltr'>de</span> <span class='ocrx_word' id='word_1_436' title='bbox 3512 1313 3826 1380; x_wconf 74' lang='lat' dir='ltr'>Memoria</span> <span class='ocrx_word' id='word_1_437' title='bbox 3854 1316 4013 1402; x_wconf 77' lang='lat' dir='ltr'><strong>Cap.</strong></span> 
     </span>
     <span class='ocr_line' id='line_1_56' title="bbox 2322 1414 4007 1505; baseline 0.002 -25"><span class='ocrx_word' id='word_1_438' title='bbox 2322 1417 2375 1480; x_wconf 91' lang='lat'>1.</span> <span class='ocrx_word' id='word_1_439' title='bbox 2410 1439 2472 1504; x_wconf 94' lang='lat' dir='ltr'><strong>p.</strong></span> <span class='ocrx_word' id='word_1_440' title='bbox 2506 1415 2610 1481; x_wconf 84' lang='lat'>28.</span> <span class='ocrx_word' id='word_1_441' title='bbox 2641 1438 2778 1503; x_wconf 87' lang='lat' dir='ltr'>sqq.</span> <span class='ocrx_word' id='word_1_442' title='bbox 2813 1414 2994 1504; x_wconf 81' lang='lat' dir='ltr'>Sylb.</span> <span class='ocrx_word' id='word_1_443' title='bbox 3025 1415 3106 1480; x_wconf 92' lang='lat' dir='ltr'>de</span> <span class='ocrx_word' id='word_1_444' title='bbox 3138 1416 3333 1480; x_wconf 83' lang='lat' dir='ltr'>Sensu</span> <span class='ocrx_word' id='word_1_445' title='bbox 3364 1429 3429 1479; x_wconf 88' lang='lat' dir='ltr'>et</span> <span class='ocrx_word' id='word_1_446' title='bbox 3460 1415 3748 1484; x_wconf 83' lang='lat' dir='ltr'>Sensibil.</span> <span class='ocrx_word' id='word_1_447' title='bbox 3777 1440 3915 1505; x_wconf 80' lang='lat' dir='ltr'><strong>cap.</strong></span> <span class='ocrx_word' id='word_1_448' title='bbox 3945 1421 4007 1486; x_wconf 90' lang='lat'><strong>6.</strong></span> 
     </span>
     <span class='ocr_line' id='line_1_57' title="bbox 2315 1517 4015 1607; baseline 0.001 -24"><span class='ocrx_word' id='word_1_449' title='bbox 2315 1542 2383 1607; x_wconf 87' lang='lat' dir='ltr'><strong>p.</strong></span> <span class='ocrx_word' id='word_1_450' title='bbox 2419 1539 2518 1605; x_wconf 83' lang='lat'>19.</span> <span class='ocrx_word' id='word_1_451' title='bbox 2564 1517 2645 1583; x_wconf 89' lang='lat' dir='ltr'>de</span> <span class='ocrx_word' id='word_1_452' title='bbox 2689 1517 2927 1584; x_wconf 88' lang='lat' dir='ltr'>Anima</span> <span class='ocrx_word' id='word_1_453' title='bbox 2960 1517 3068 1583; x_wconf 86' lang='lat' dir='ltr'>lib.</span> <span class='ocrx_word' id='word_1_454' title='bbox 3112 1518 3171 1583; x_wconf 95' lang='lat' dir='ltr'>I.</span> <span class='ocrx_word' id='word_1_455' title='bbox 3203 1541 3255 1583; x_wconf 89' lang='lat' dir='ltr'><strong>c.</strong></span> <span class='ocrx_word' id='word_1_456' title='bbox 3287 1538 3353 1603; x_wconf 83' lang='lat'>3.</span> <span class='ocrx_word' id='word_1_457' title='bbox 3429 1517 3761 1605; x_wconf 84' lang='lat' dir='ltr'>Excerpsit</span> <span class='ocrx_word' id='word_1_458' title='bbox 3803 1534 4015 1588; x_wconf 79' lang='lat' dir='ltr'>autem</span> 
     </span>
     <span class='ocr_line' id='line_1_58' title="bbox 2319 1619 4013 1710; baseline 0.002 -24"><span class='ocrx_word' id='word_1_459' title='bbox 2319 1622 2436 1687; x_wconf 91' lang='lat' dir='ltr'>hoc</span> <span class='ocrx_word' id='word_1_460' title='bbox 2464 1634 2659 1709; x_wconf 84' lang='lat' dir='ltr'>caput</span> <span class='ocrx_word' id='word_1_461' title='bbox 2698 1620 2923 1688; x_wconf 89' lang='lat' dir='ltr'>Plotini</span> <span class='ocrx_word' id='word_1_462' title='bbox 2951 1635 3015 1685; x_wconf 87' lang='lat' dir='ltr'>et</span> <span class='ocrx_word' id='word_1_463' title='bbox 3043 1620 3376 1710; x_wconf 79' lang='lat' dir='ltr'>explicavit</span> <span class='ocrx_word' id='word_1_464' title='bbox 3404 1619 3633 1707; x_wconf 84' lang='lat' dir='ltr'>partim</span> <span class='ocrx_word' id='word_1_465' title='bbox 3662 1620 3759 1688; x_wconf 88' lang='lat' dir='ltr'>vir</span> <span class='ocrx_word' id='word_1_466' title='bbox 3783 1621 4013 1696; x_wconf 83' lang='lat' dir='ltr'>intelli-</span> 
     </span>
     <span class='ocr_line' id='line_1_59' title="bbox 2314 1722 4016 1814; baseline 0.003 -26"><span class='ocrx_word' id='word_1_467' title='bbox 2314 1724 2713 1811; x_wconf 82' lang='lat' dir='ltr'>gentissimus</span> <span class='ocrx_word' id='word_1_468' title='bbox 2740 1724 2964 1792; x_wconf 82' lang='lat' dir='ltr'>harum</span> <span class='ocrx_word' id='word_1_469' title='bbox 3003 1747 3213 1790; x_wconf 88' lang='lat' dir='ltr'>rerum</span> <span class='ocrx_word' id='word_1_470' title='bbox 3254 1722 3623 1792; x_wconf 84' lang='lat' dir='ltr'>Cudworth.</span> <span class='ocrx_word' id='word_1_471' title='bbox 3655 1723 3717 1788; x_wconf 88' lang='lat' dir='ltr'>in</span> <span class='ocrx_word' id='word_1_472' title='bbox 3752 1726 4016 1814; x_wconf 83' lang='lat' dir='ltr'>System.</span> 
     </span>
     <span class='ocr_line' id='line_1_60' title="bbox 2319 1825 4011 1915; baseline 0.002 -23"><span class='ocrx_word' id='word_1_473' title='bbox 2319 1826 2626 1892; x_wconf 87' lang='lat' dir='ltr'>Intellect.</span> <span class='ocrx_word' id='word_1_474' title='bbox 2660 1851 2720 1914; x_wconf 89' lang='lat' dir='ltr'>p.</span> <span class='ocrx_word' id='word_1_475' title='bbox 2759 1847 2944 1893; x_wconf 91' lang='lat'><strong>1111.</strong></span> <span class='ocrx_word' id='word_1_476' title='bbox 2976 1850 3069 1915; x_wconf 91' lang='lat' dir='ltr'>sq.</span> <span class='ocrx_word' id='word_1_477' title='bbox 3146 1826 3350 1914; x_wconf 86' lang='lat' dir='ltr'>Cujus</span> <span class='ocrx_word' id='word_1_478' title='bbox 3377 1825 3862 1913; x_wconf 82' lang='lat' dir='ltr'>disputationem</span> <span class='ocrx_word' id='word_1_479' title='bbox 3901 1853 4011 1898; x_wconf 83' lang='grc'><strong>110-</strong></span> 
     </span>
     <span class='ocr_line' id='line_1_61' title="bbox 2317 1929 4016 2020; baseline 0.001 -24"><span class='ocrx_word' id='word_1_480' title='bbox 2317 1946 2477 1996; x_wconf 89' lang='lat' dir='ltr'>stros</span> <span class='ocrx_word' id='word_1_481' title='bbox 2504 1930 2763 1995; x_wconf 83' lang='lat' dir='ltr'>lectores</span> <span class='ocrx_word' id='word_1_482' title='bbox 2792 1930 2909 1995; x_wconf 92' lang='lat' dir='ltr'>hoc</span> <span class='ocrx_word' id='word_1_483' title='bbox 2939 1930 3138 2018; x_wconf 80' lang='lat' dir='ltr'>magis</span> <span class='ocrx_word' id='word_1_484' title='bbox 3165 1942 3544 2017; x_wconf 86' lang='lat' dir='ltr'>pertractare</span> <span class='ocrx_word' id='word_1_485' title='bbox 3572 1929 3856 2010; x_wconf 88' lang='lat' dir='ltr'>velimus,</span> <span class='ocrx_word' id='word_1_486' title='bbox 3886 1956 4016 2020; x_wconf 93' lang='lat' dir='ltr'>quo</span> 
     </span>
     <span class='ocr_line' id='line_1_62' title="bbox 2319 2030 4016 2123; baseline 0.002 -25"><span class='ocrx_word' id='word_1_487' title='bbox 2319 2035 2525 2099; x_wconf 88' lang='lat' dir='ltr'>minus</span> <span class='ocrx_word' id='word_1_488' title='bbox 2553 2033 2733 2098; x_wconf 87' lang='lat' dir='ltr'>nobis</span> <span class='ocrx_word' id='word_1_489' title='bbox 2760 2034 2826 2098; x_wconf 88' lang='lat' dir='ltr'>in</span> <span class='ocrx_word' id='word_1_490' title='bbox 2856 2033 2975 2099; x_wconf 89' lang='grc'><strong>1100</strong></span> <span class='ocrx_word' id='word_1_491' title='bbox 3015 2031 3355 2100; x_wconf 88' lang='lat' dir='ltr'>annotandi</span> <span class='ocrx_word' id='word_1_492' title='bbox 3389 2030 3591 2098; x_wconf 83' lang='lat' dir='ltr'>officio</span> <span class='ocrx_word' id='word_1_493' title='bbox 3630 2032 3775 2100; x_wconf 88' lang='lat' dir='ltr'>licet</span> <span class='ocrx_word' id='word_1_494' title='bbox 3817 2036 4016 2123; x_wconf 87' lang='lat' dir='ltr'>philo-</span> 
     </span>
     <span class='ocr_line' id='line_1_63' title="bbox 2320 2137 2976 2225; baseline -0.005 -23"><span class='ocrx_word' id='word_1_495' title='bbox 2320 2137 2499 2225; x_wconf 89' lang='lat' dir='ltr'>sophi</span> <span class='ocrx_word' id='word_1_496' title='bbox 2529 2151 2739 2224; x_wconf 88' lang='lat' dir='ltr'>partes</span> <span class='ocrx_word' id='word_1_497' title='bbox 2768 2159 2976 2223; x_wconf 88' lang='lat' dir='ltr'>agere.</span> 
     </span>
    </p>

    <p class='ocr_par' dir='ltr' id='par_1_11' title="bbox 2313 2237 4017 5114">
     <span class='ocr_line' id='line_1_64' title="bbox 2404 2237 4011 2327; baseline 0.004 -25"><span class='ocrx_word' id='word_1_498' title='bbox 2404 2264 2466 2327; x_wconf 91' lang='lat' dir='ltr'>p.</span> <span class='ocrx_word' id='word_1_499' title='bbox 2503 2239 2653 2324; x_wconf 85' lang='lat'>854,</span> <span class='ocrx_word' id='word_1_500' title='bbox 2698 2240 2787 2302; x_wconf 84' lang='lat'>18.</span> <span class='ocrx_word' id='word_1_501' title='bbox 2834 2239 2940 2303; x_wconf 81' lang='grc' dir='ltr'>οὗκ</span> <span class='ocrx_word' id='word_1_502' title='bbox 2968 2237 3044 2304; x_wconf 77' lang='grc' dir='ltr'>ἂν</span> <span class='ocrx_word' id='word_1_503' title='bbox 3085 2238 3281 2304; x_wconf 78' lang='grc' dir='ltr'>ἄλλον</span> <span class='ocrx_word' id='word_1_504' title='bbox 3309 2239 3532 2319; x_wconf 73' lang='grc' dir='ltr'>τρόπον</span> <span class='ocrx_word' id='word_1_505' title='bbox 3559 2238 3795 2321; x_wconf 82' lang='grc' dir='ltr'>γένοιτο</span> <span class='ocrx_word' id='word_1_506' title='bbox 3825 2241 3893 2305; x_wconf 82' lang='grc' dir='ltr'>τὸ</span> <span class='ocrx_word' id='word_1_507' title='bbox 3921 2246 4011 2308; x_wconf 80' lang='grc' dir='ltr'>αῖ-</span> 
     </span>
     <span class='ocr_line' id='line_1_65' title="bbox 2322 2338 4012 2426; baseline -0.004 -20"><span class='ocrx_word' id='word_1_508' title='bbox 2322 2343 2671 2415; x_wconf 86' lang='grc' dir='ltr'>σθάνεσθαι,</span> <span class='ocrx_word' id='word_1_509' title='bbox 2702 2338 2740 2422; x_wconf 82' lang='grc' dir='ltr'>ἢ</span> <span class='ocrx_word' id='word_1_510' title='bbox 2770 2343 2901 2406; x_wconf 73' lang='grc' dir='ltr'>οἷον</span> <span class='ocrx_word' id='word_1_511' title='bbox 2939 2343 3008 2405; x_wconf 84' lang='grc' dir='ltr'>ἐν</span> <span class='ocrx_word' id='word_1_512' title='bbox 3034 2344 3188 2426; x_wconf 84' lang='grc' dir='ltr'>κηρῷ</span> <span class='ocrx_word' id='word_1_513' title='bbox 3218 2342 3681 2421; x_wconf 62' lang='grc' dir='ltr'>ἐνσημωνθεῑοαι</span> <span class='ocrx_word' id='word_1_514' title='bbox 3716 2344 3838 2414; x_wconf 64' lang='grc' dir='ltr'>ἀπὸ</span> <span class='ocrx_word' id='word_1_515' title='bbox 3877 2350 4012 2416; x_wconf 66' lang='grc' dir='ltr'>δακ-</span> 
     </span>
     <span class='ocr_line' id='line_1_66' title="bbox 2321 2444 4017 2528; baseline 0.002 -18"><span class='ocrx_word' id='word_1_516' title='bbox 2321 2447 2537 2510; x_wconf 78' lang='grc' dir='ltr'>τυλίων</span> <span class='ocrx_word' id='word_1_517' title='bbox 2584 2448 3113 2526; x_wconf 81' lang='grc' dir='ltr'>σφραγῖδες-τῶν</span> <span class='ocrx_word' id='word_1_518' title='bbox 3159 2445 3455 2523; x_wconf 77' lang='grc' dir='ltr'>αἰσθητῶν</span> <span class='ocrx_word' id='word_1_519' title='bbox 3499 2444 4017 2528; x_wconf 75' lang='grc' dir='ltr'>ἐνσημαινομένων</span> 
     </span>
     <span class='ocr_line' id='line_1_67' title="bbox 2320 2547 4016 2631; baseline -0.003 -20"><span class='ocrx_word' id='word_1_520' title='bbox 2320 2549 2630 2613; x_wconf 77' lang='grc' dir='ltr'>-ἄλλους</span> <span class='ocrx_word' id='word_1_521' title='bbox 2663 2549 2922 2628; x_wconf 82' lang='grc' dir='ltr'>(τύπους)</span> <span class='ocrx_word' id='word_1_522' title='bbox 2967 2547 3466 2631; x_wconf 81' lang='grc' dir='ltr'>ἐνσημαίνεσθαι]</span> <span class='ocrx_word' id='word_1_523' title='bbox 3535 2548 3598 2612; x_wconf 92' lang='lat' dir='ltr'>N</span> <span class='ocrx_word' id='word_1_524' title='bbox 3602 2570 3683 2612; x_wconf 90' lang='lat' dir='ltr'>on</span> <span class='ocrx_word' id='word_1_525' title='bbox 3723 2551 4016 2620; x_wconf 78' lang='lat' dir='ltr'>receden-</span> 
     </span>
     <span class='ocr_line' id='line_1_68' title="bbox 2322 2648 4012 2736; baseline 0.006 -23"><span class='ocrx_word' id='word_1_526' title='bbox 2322 2649 2474 2714; x_wconf 89' lang='lat' dir='ltr'>dum</span> <span class='ocrx_word' id='word_1_527' title='bbox 2506 2648 2850 2713; x_wconf 87' lang='lat' dir='ltr'>existimavi</span> <span class='ocrx_word' id='word_1_528' title='bbox 2876 2673 2914 2713; x_wconf 88' lang='lat' dir='ltr'>a</span> <span class='ocrx_word' id='word_1_529' title='bbox 2936 2648 3233 2714; x_wconf 84' lang='lat' dir='ltr'>librorum</span> <span class='ocrx_word' id='word_1_530' title='bbox 3255 2662 3605 2714; x_wconf 87' lang='lat' dir='ltr'>nostrorum</span> <span class='ocrx_word' id='word_1_531' title='bbox 3624 2655 4012 2736; x_wconf 78' lang='lat' dir='ltr'>auctoritate,</span> 
     </span>
     <span class='ocr_line' id='line_1_69' title="bbox 2317 2750 4013 2843; baseline 0.005 -26"><span class='ocrx_word' id='word_1_532' title='bbox 2317 2775 2516 2839; x_wconf 87' lang='lat' dir='ltr'>eaque</span> <span class='ocrx_word' id='word_1_533' title='bbox 2564 2751 2847 2839; x_wconf 77' lang='lat' dir='ltr'>neglecta</span> <span class='ocrx_word' id='word_1_534' title='bbox 2894 2752 2960 2815; x_wconf 93' lang='lat' dir='ltr'><strong>h.</strong></span> <span class='ocrx_word' id='word_1_535' title='bbox 3005 2750 3048 2816; x_wconf 94' lang='lat' dir='ltr'>l.</span> <span class='ocrx_word' id='word_1_536' title='bbox 3100 2751 3382 2820; x_wconf 85' lang='lat' dir='ltr'>Eusebio</span> <span class='ocrx_word' id='word_1_537' title='bbox 3437 2753 4013 2843; x_wconf 87' lang='lat' dir='ltr'>obtemperandum.</span> 
     </span>
     <span class='ocr_line' id='line_1_70' title="bbox 2321 2854 4014 2948; baseline 0.005 -28"><span class='ocrx_word' id='word_1_538' title='bbox 2321 2857 2510 2920; x_wconf 85' lang='lat' dir='ltr'>Nunc</span> <span class='ocrx_word' id='word_1_539' title='bbox 2541 2878 2740 2920; x_wconf 90' lang='lat' dir='ltr'>unum</span> <span class='ocrx_word' id='word_1_540' title='bbox 2762 2854 3065 2943; x_wconf 75' lang='lat' dir='ltr'>attingam</span> <span class='ocrx_word' id='word_1_541' title='bbox 3095 2854 3302 2924; x_wconf 63' lang='lat' dir='ltr'>locum</span> <span class='ocrx_word' id='word_1_542' title='bbox 3330 2854 3557 2922; x_wconf 85' lang='lat' dir='ltr'>Dionis</span> <span class='ocrx_word' id='word_1_543' title='bbox 3586 2858 4014 2948; x_wconf 81' lang='lat' dir='ltr'>chrysostomi</span> 
     </span>
     <span class='ocr_line' id='line_1_71' title="bbox 2318 2957 4012 3052; baseline 0.003 -30"><span class='ocrx_word' id='word_1_544' title='bbox 2318 2957 2465 3024; x_wconf 90' lang='lat' dir='ltr'>illuc</span> <span class='ocrx_word' id='word_1_545' title='bbox 2495 2958 2907 3024; x_wconf 79' lang='lat' dir='ltr'>referendum.</span> <span class='ocrx_word' id='word_1_546' title='bbox 2986 2958 3054 3022; x_wconf 88' lang='lat' dir='ltr'>Is</span> <span class='ocrx_word' id='word_1_547' title='bbox 3082 2960 3261 3024; x_wconf 88' lang='lat' dir='ltr'>Orat.</span> <span class='ocrx_word' id='word_1_548' title='bbox 3300 2958 3476 3023; x_wconf 90' lang='lat' dir='ltr'><strong>XII.</strong></span> <span class='ocrx_word' id='word_1_549' title='bbox 3505 2983 3573 3047; x_wconf 96' lang='lat' dir='ltr'>p.</span> <span class='ocrx_word' id='word_1_550' title='bbox 3606 2979 3749 3043; x_wconf 83' lang='lat'><strong>214.</strong></span> <span class='ocrx_word' id='word_1_551' title='bbox 3778 2986 3842 3050; x_wconf 90' lang='lat' dir='ltr'>p.</span> <span class='ocrx_word' id='word_1_552' title='bbox 3865 2986 4012 3052; x_wconf 61' lang='lat'><strong>409,</strong></span> 
     </span>
     <span class='ocr_line' id='line_1_72' title="bbox 2321 3061 4017 3149; baseline 0.005 -23"><span class='ocrx_word' id='word_1_553' title='bbox 2321 3061 2540 3127; x_wconf 83' lang='lat' dir='ltr'>Reisk.</span> <span class='ocrx_word' id='word_1_554' title='bbox 2572 3062 2653 3125; x_wconf 91' lang='lat' dir='ltr'>de</span> <span class='ocrx_word' id='word_1_555' title='bbox 2689 3063 2974 3127; x_wconf 89' lang='lat' dir='ltr'>Homero</span> <span class='ocrx_word' id='word_1_556' title='bbox 3019 3061 3140 3128; x_wconf 85' lang='lat' dir='ltr'>ita:</span> <span class='ocrx_word' id='word_1_557' title='bbox 3188 3065 3263 3126; x_wconf 69' lang='grc' dir='ltr'>τὰ</span> <span class='ocrx_word' id='word_1_558' title='bbox 3299 3064 3435 3143; x_wconf 72' lang='grc' dir='ltr'>μὲν,</span> <span class='ocrx_word' id='word_1_559' title='bbox 3475 3066 3679 3133; x_wconf 76' lang='grc' dir='ltr'>ἅπλῶς</span> <span class='ocrx_word' id='word_1_560' title='bbox 3715 3066 4017 3149; x_wconf 81' lang='grc' dir='ltr'>τιθέμενος</span> 
     </span>
     <span class='ocr_line' id='line_1_73' title="bbox 2319 3164 4016 3252; baseline 0.005 -23"><span class='ocrx_word' id='word_1_561' title='bbox 2319 3167 2585 3245; x_wconf 79' lang='grc' dir='ltr'>ὀνόματα</span> <span class='ocrx_word' id='word_1_562' title='bbox 2627 3170 2750 3234; x_wconf 79' lang='grc' dir='ltr'>τοῖς</span> <span class='ocrx_word' id='word_1_563' title='bbox 2788 3164 3116 3248; x_wconf 80' lang='grc' dir='ltr'>πράγμασι·</span> <span class='ocrx_word' id='word_1_564' title='bbox 3164 3168 3239 3232; x_wconf 74' lang='grc' dir='ltr'>τὰ</span> <span class='ocrx_word' id='word_1_565' title='bbox 3266 3164 3315 3231; x_wconf 78' lang='grc' dir='ltr'>δ’</span> <span class='ocrx_word' id='word_1_566' title='bbox 3358 3167 3461 3236; x_wconf 86' lang='grc' dir='ltr'>,ἐπὶ</span> <span class='ocrx_word' id='word_1_567' title='bbox 3502 3174 3624 3236; x_wconf 80' lang='grc' dir='ltr'>τοῖς</span> <span class='ocrx_word' id='word_1_568' title='bbox 3656 3171 3872 3252; x_wconf 82' lang='grc' dir='ltr'>κυρίοις</span> <span class='ocrx_word' id='word_1_569' title='bbox 3917 3174 4016 3238; x_wconf 87' lang='grc' dir='ltr'>ἐπ-</span> 
     </span>
     <span class='ocr_line' id='line_1_74' title="bbox 2322 3267 4015 3353; baseline 0.005 -19"><span class='ocrx_word' id='word_1_570' title='bbox 2322 3267 2643 3349; x_wconf 76' lang='grc' dir='ltr'>ονομάζων·</span> <span class='ocrx_word' id='word_1_571' title='bbox 2696 3269 2826 3335; x_wconf 80' lang='grc' dir='ltr'>οἶον</span> <span class='ocrx_word' id='word_1_572' title='bbox 2854 3272 3158 3352; x_wconf 78' lang='grc' dir='ltr'>σφραγῖδα</span> <span class='ocrx_word' id='word_1_573' title='bbox 3186 3275 3519 3352; x_wconf 81' lang='grc' dir='ltr'>σφραγῖσιν</span> <span class='ocrx_word' id='word_1_574' title='bbox 3544 3272 3895 3353; x_wconf 79' lang='grc' dir='ltr'>ἐπιβάλλων</span> <span class='ocrx_word' id='word_1_575' title='bbox 3920 3278 4015 3342; x_wconf 86' lang='grc' dir='ltr'>ἐν-</span> 
     </span>
     <span class='ocr_line' id='line_1_75' title="bbox 2320 3371 4015 3455; baseline 0.005 -20"><span class='ocrx_word' id='word_1_576' title='bbox 2320 3378 2511 3455; x_wconf 86' lang='grc' dir='ltr'>αργεῖ,</span> <span class='ocrx_word' id='word_1_577' title='bbox 2552 3371 2649 3437; x_wconf 86' lang='grc' dir='ltr'>καὶ</span> <span class='ocrx_word' id='word_1_578' title='bbox 2690 3375 2930 3451; x_wconf 77' lang='grc' dir='ltr'>μᾶλλον</span> <span class='ocrx_word' id='word_1_579' title='bbox 2971 3373 3253 3451; x_wconf 73' lang='grc' dir='ltr'>εὔδηλονε</span> <span class='ocrx_word' id='word_1_580' title='bbox 3302 3372 3411 3439; x_wconf 86' lang='lat' dir='ltr'>ubi</span> <span class='ocrx_word' id='word_1_581' title='bbox 3453 3372 3625 3440; x_wconf 90' lang='lat' dir='ltr'>haud</span> <span class='ocrx_word' id='word_1_582' title='bbox 3658 3375 3851 3443; x_wconf 87' lang='lat' dir='ltr'>dubie</span> <span class='ocrx_word' id='word_1_583' title='bbox 3868 3401 4015 3445; x_wconf 86' lang='lat' dir='ltr'>cum</span> 
     </span>
     <span class='ocr_line' id='line_1_76' title="bbox 2320 3473 4011 3562; baseline 0.006 -24"><span class='ocrx_word' id='word_1_584' title='bbox 2320 3473 2580 3539; x_wconf 86' lang='lat' dir='ltr'>Reiskio</span> <span class='ocrx_word' id='word_1_585' title='bbox 2622 3473 2954 3560; x_wconf 84' lang='lat' dir='ltr'>legendum</span> <span class='ocrx_word' id='word_1_586' title='bbox 2988 3476 3228 3556; x_wconf 80' lang='grc' dir='ltr'>ἐναργῆ,</span> <span class='ocrx_word' id='word_1_587' title='bbox 3260 3473 3415 3538; x_wconf 87' lang='lat' dir='ltr'>vitio</span> <span class='ocrx_word' id='word_1_588' title='bbox 3456 3498 3571 3562; x_wconf 90' lang='lat' dir='ltr'>per</span> <span class='ocrx_word' id='word_1_589' title='bbox 3609 3476 4011 3547; x_wconf 85' lang='lat' dir='ltr'>Iotacismum</span> 
     </span>
     <span class='ocr_line' id='line_1_77' title="bbox 2319 3576 4013 3662; baseline 0.006 -21"><span class='ocrx_word' id='word_1_590' title='bbox 2319 3591 2478 3655; x_wconf 85' lang='lat' dir='ltr'>orto,</span> <span class='ocrx_word' id='word_1_591' title='bbox 2505 3576 2747 3643; x_wconf 79' lang='lat' dir='ltr'>etiamsi</span> <span class='ocrx_word' id='word_1_592' title='bbox 2789 3581 3075 3658; x_wconf 82' lang='grc' dir='ltr'>σφραγῖδι</span> <span class='ocrx_word' id='word_1_593' title='bbox 3119 3599 3236 3662; x_wconf 87' lang='lat' dir='ltr'>pro</span> <span class='ocrx_word' id='word_1_594' title='bbox 3279 3584 3574 3660; x_wconf 82' lang='grc' dir='ltr'>σφραγῖσι</span> <span class='ocrx_word' id='word_1_595' title='bbox 3605 3602 3727 3647; x_wconf 84' lang='grc'><strong>11011</strong></span> <span class='ocrx_word' id='word_1_596' title='bbox 3770 3605 4013 3650; x_wconf 86' lang='lat' dir='ltr'>necesse</span> 
     </span>
     <span class='ocr_line' id='line_1_78' title="bbox 2318 3677 4012 3765; baseline 0.006 -22"><span class='ocrx_word' id='word_1_597' title='bbox 2318 3678 2565 3744; x_wconf 78' lang='lat' dir='ltr'>habeas.</span> <span class='ocrx_word' id='word_1_598' title='bbox 2635 3678 2972 3743; x_wconf 85' lang='lat' dir='ltr'>Videamus</span> <span class='ocrx_word' id='word_1_599' title='bbox 3001 3677 3080 3741; x_wconf 94' lang='lat' dir='ltr'>de</span> <span class='ocrx_word' id='word_1_600' title='bbox 3112 3678 3340 3758; x_wconf 89' lang='lat' dir='ltr'>Verb0‚</span> <span class='ocrx_word' id='word_1_601' title='bbox 3362 3680 3534 3765; x_wconf 92' lang='lat' dir='ltr'>quod</span> <span class='ocrx_word' id='word_1_602' title='bbox 3562 3680 3626 3746; x_wconf 92' lang='lat' dir='ltr'>h.</span> <span class='ocrx_word' id='word_1_603' title='bbox 3652 3681 3695 3747; x_wconf 91' lang='lat' dir='ltr'><strong>l.</strong></span> <span class='ocrx_word' id='word_1_604' title='bbox 3717 3698 3812 3748; x_wconf 90' lang='lat' dir='ltr'>ter</span> <span class='ocrx_word' id='word_1_605' title='bbox 3832 3709 4012 3752; x_wconf 88' lang='lat' dir='ltr'>usur-</span> 
     </span>
     <span class='ocr_line' id='line_1_79' title="bbox 2317 3779 4002 3879; baseline 0.006 -35"><span class='ocrx_word' id='word_1_606' title='bbox 2317 3780 2492 3868; x_wconf 84' lang='lat' dir='ltr'>pavit</span> <span class='ocrx_word' id='word_1_607' title='bbox 2539 3780 2844 3846; x_wconf 90' lang='lat' dir='ltr'>Plotinus.</span> <span class='ocrx_word' id='word_1_608' title='bbox 2920 3779 3106 3845; x_wconf 89' lang='lat' dir='ltr'>Plato</span> <span class='ocrx_word' id='word_1_609' title='bbox 3149 3781 3212 3847; x_wconf 92' lang='lat' dir='ltr'>in</span> <span class='ocrx_word' id='word_1_610' title='bbox 3253 3781 3512 3870; x_wconf 85' lang='lat' dir='ltr'>Cratylo</span> <span class='ocrx_word' id='word_1_611' title='bbox 3558 3807 3619 3872; x_wconf 94' lang='lat' dir='ltr'>p.</span> <span class='ocrx_word' id='word_1_612' title='bbox 3661 3804 3810 3874; x_wconf 83' lang='lat'><strong>395.</strong></span> <span class='ocrx_word' id='word_1_613' title='bbox 3848 3812 3910 3854; x_wconf 97' lang='lat' dir='ltr'><strong>a.</strong></span> <span class='ocrx_word' id='word_1_614' title='bbox 3937 3815 4002 3879; x_wconf 90' lang='lat' dir='ltr'>p.</span> 
     </span>
     <span class='ocr_line' id='line_1_80' title="bbox 2320 3882 4004 3969; baseline 0.008 -21"><span class='ocrx_word' id='word_1_615' title='bbox 2320 3885 2424 3949; x_wconf 88' lang='lat'><strong>28.</strong></span> <span class='ocrx_word' id='word_1_616' title='bbox 2485 3882 2690 3950; x_wconf 86' lang='lat' dir='ltr'><strong>Bekk.</strong></span> <span class='ocrx_word' id='word_1_617' title='bbox 2769 3889 3016 3964; x_wconf 81' lang='grc' dir='ltr'>σημεῖον</span> <span class='ocrx_word' id='word_1_618' title='bbox 3087 3882 3135 3948; x_wconf 86' lang='grc' dir='ltr'>δ’</span> <span class='ocrx_word' id='word_1_619' title='bbox 3196 3884 3376 3948; x_wconf 78' lang='grc' dir='ltr'>αὐτοῦ</span> <span class='ocrx_word' id='word_1_620' title='bbox 3451 3888 3541 3969; x_wconf 80' lang='grc' dir='ltr'>(δὲ</span> <span class='ocrx_word' id='word_1_621' title='bbox 3611 3889 3792 3956; x_wconf 75' lang='grc' dir='ltr'>αὐτοῦ</span> <span class='ocrx_word' id='word_1_622' title='bbox 3843 3895 4004 3960; x_wconf 77' lang='lat' dir='ltr'>Cod-</span> 
     </span>
     <span class='ocr_line' id='line_1_81' title="bbox 2317 3986 4005 4082; baseline 0 -31"><span class='ocrx_word' id='word_1_623' title='bbox 2317 3987 2628 4072; x_wconf 84' lang='lat' dir='ltr'>Darmst.)</span> <span class='ocrx_word' id='word_1_624' title='bbox 2650 3988 2688 4066; x_wconf 80' lang='grc' dir='ltr'><em>ἡ</em></span> <span class='ocrx_word' id='word_1_625' title='bbox 2708 3989 2776 4051; x_wconf 85' lang='grc' dir='ltr'>ἐν</span> <span class='ocrx_word' id='word_1_626' title='bbox 2798 3987 2985 4072; x_wconf 76' lang='grc' dir='ltr'>Τροίᾳ</span> <span class='ocrx_word' id='word_1_627' title='bbox 3009 3986 3161 4067; x_wconf 79' lang='grc' dir='ltr'>μονὴ</span> <span class='ocrx_word' id='word_1_628' title='bbox 3177 3992 3283 4051; x_wconf 79' lang='grc' dir='ltr'>τοῦ</span> <span class='ocrx_word' id='word_1_629' title='bbox 3296 3987 3558 4069; x_wconf 79' lang='grc' dir='ltr'>πλήθους</span> <span class='ocrx_word' id='word_1_630' title='bbox 3577 4017 3645 4056; x_wconf 85' lang='grc' dir='ltr'>τε</span> <span class='ocrx_word' id='word_1_631' title='bbox 3670 3994 3767 4059; x_wconf 84' lang='grc' dir='ltr'>καὶ</span> <span class='ocrx_word' id='word_1_632' title='bbox 3794 4023 4005 4082; x_wconf 62' lang='grc' dir='ltr'>καρη-</span> 
     </span>
     <span class='ocr_line' id='line_1_82' title="bbox 2313 4088 4005 4177; baseline 0.001 -22"><span class='ocrx_word' id='word_1_633' title='bbox 2313 4092 2444 4172; x_wconf 84' lang='grc' dir='ltr'>ρίας</span> <span class='ocrx_word' id='word_1_634' title='bbox 2472 4089 2590 4172; x_wconf 86' lang='lat' dir='ltr'>(ita</span> <span class='ocrx_word' id='word_1_635' title='bbox 2620 4088 2782 4154; x_wconf 92' lang='lat' dir='ltr'>Cod.</span> <span class='ocrx_word' id='word_1_636' title='bbox 2815 4090 3093 4155; x_wconf 89' lang='lat' dir='ltr'>Darmst.</span> <span class='ocrx_word' id='word_1_637' title='bbox 3139 4104 3201 4154; x_wconf 89' lang='lat' dir='ltr'>et</span> <span class='ocrx_word' id='word_1_638' title='bbox 3243 4093 3789 4177; x_wconf 75' lang='lat' dir='ltr'>praestantissimus</span> <span class='ocrx_word' id='word_1_639' title='bbox 3834 4102 4005 4168; x_wconf 77' lang='lat' dir='ltr'>Bod-</span> 
     </span>
     <span class='ocr_line' id='line_1_83' title="bbox 2314 4191 4007 4271; baseline 0.002 -13"><span class='ocrx_word' id='word_1_640' title='bbox 2314 4193 2573 4268; x_wconf 78' lang='lat' dir='ltr'>leianuS‚</span> <span class='ocrx_word' id='word_1_641' title='bbox 2630 4207 2695 4258; x_wconf 91' lang='lat' dir='ltr'>et</span> <span class='ocrx_word' id='word_1_642' title='bbox 2740 4192 2829 4259; x_wconf 80' lang='lat' dir='ltr'>ita</span> <span class='ocrx_word' id='word_1_643' title='bbox 2872 4191 3077 4261; x_wconf 90' lang='lat' dir='ltr'>locum</span> <span class='ocrx_word' id='word_1_644' title='bbox 3137 4193 3219 4259; x_wconf 89' lang='lat' dir='ltr'>ab</span> <span class='ocrx_word' id='word_1_645' title='bbox 3266 4194 3622 4261; x_wconf 83' lang='lat' dir='ltr'>Heindorfii</span> <span class='ocrx_word' id='word_1_646' title='bbox 3667 4203 4007 4271; x_wconf 74' lang='lat' dir='ltr'>mutatione</span> 
     </span>
     <span class='ocr_line' id='line_1_84' title="bbox 2314 4295 4008 4387; baseline 0.005 -29"><span class='ocrx_word' id='word_1_647' title='bbox 2314 4296 2696 4361; x_wconf 84' lang='lat' dir='ltr'>vindicatum</span> <span class='ocrx_word' id='word_1_648' title='bbox 2720 4295 3006 4361; x_wconf 85' lang='lat' dir='ltr'>exhibuit</span> <span class='ocrx_word' id='word_1_649' title='bbox 3049 4296 3445 4383; x_wconf 83' lang='lat' dir='ltr'>Bekkerus);</span> <span class='ocrx_word' id='word_1_650' title='bbox 3492 4301 3585 4364; x_wconf 85' lang='grc' dir='ltr'>ὅτι</span> <span class='ocrx_word' id='word_1_651' title='bbox 3611 4302 3720 4367; x_wconf 75' lang='grc' dir='ltr'>οὖν</span> <span class='ocrx_word' id='word_1_652' title='bbox 3748 4306 4008 4387; x_wconf 79' lang='grc' dir='ltr'>ἀγαστὸς</span> 
     </span>
     <span class='ocr_line' id='line_1_85' title="bbox 2317 4399 4006 4492; baseline 0.008 -30"><span class='ocrx_word' id='word_1_653' title='bbox 2317 4403 2463 4464; x_wconf 75' lang='grc' dir='ltr'>κατὰ</span> <span class='ocrx_word' id='word_1_654' title='bbox 2489 4400 2598 4478; x_wconf 72' lang='grc' dir='ltr'>τὴν</span> <span class='ocrx_word' id='word_1_655' title='bbox 2628 4399 2912 4479; x_wconf 80' lang='grc' dir='ltr'>ἐπιμονὴν</span> <span class='ocrx_word' id='word_1_656' title='bbox 2933 4400 3101 4466; x_wconf 77' lang='grc' dir='ltr'>οὗτος</span> <span class='ocrx_word' id='word_1_657' title='bbox 3119 4402 3152 4463; x_wconf 86' lang='grc' dir='ltr'>ὁ</span> <span class='ocrx_word' id='word_1_658' title='bbox 3176 4401 3325 4482; x_wconf 72' lang='grc' dir='ltr'>ἀνὴρ</span> <span class='ocrx_word' id='word_1_659' title='bbox 3349 4403 3691 4482; x_wconf 71' lang='grc' dir='ltr'>ἐνσημαίνει</span> <span class='ocrx_word' id='word_1_660' title='bbox 3720 4406 3787 4471; x_wconf 83' lang='grc' dir='ltr'>τὸ</span> <span class='ocrx_word' id='word_1_661' title='bbox 3816 4411 4006 4492; x_wconf 80' lang='grc' dir='ltr'>ὄνομα</span> 
     </span>
     <span class='ocr_line' id='line_1_86' title="bbox 2316 4500 4000 4585; baseline 0.008 -19"><span class='ocrx_word' id='word_1_662' title='bbox 2316 4505 2349 4566; x_wconf 87' lang='grc' dir='ltr'>ὁ</span> <span class='ocrx_word' id='word_1_663' title='bbox 2397 4502 2815 4585; x_wconf 82' lang='grc' dir='ltr'>Ἀγαμέμνων.</span> <span class='ocrx_word' id='word_1_664' title='bbox 2908 4500 3201 4566; x_wconf 89' lang='lat' dir='ltr'>Similiter</span> <span class='ocrx_word' id='word_1_665' title='bbox 3248 4502 3682 4572; x_wconf 83' lang='lat' dir='ltr'>Theodoretus</span> <span class='ocrx_word' id='word_1_666' title='bbox 3734 4509 3874 4576; x_wconf 91' lang='lat' dir='ltr'>Vol.</span> <span class='ocrx_word' id='word_1_667' title='bbox 3921 4516 4000 4580; x_wconf 91' lang='lat' dir='ltr'><strong>V.</strong></span> 
     </span>
     <span class='ocr_line' id='line_1_87' title="bbox 2315 4603 4002 4703; baseline 0.006 -34"><span class='ocrx_word' id='word_1_668' title='bbox 2315 4629 2381 4693; x_wconf 92' lang='lat' dir='ltr'>p.</span> <span class='ocrx_word' id='word_1_669' title='bbox 2411 4626 2517 4689; x_wconf 92' lang='lat'>94.</span> <span class='ocrx_word' id='word_1_670' title='bbox 2549 4603 2798 4669; x_wconf 85' lang='lat' dir='ltr'>Schulz.</span> <span class='ocrx_word' id='word_1_671' title='bbox 2829 4604 2892 4668; x_wconf 87' lang='lat' dir='ltr'>in</span> <span class='ocrx_word' id='word_1_672' title='bbox 2926 4604 3228 4671; x_wconf 83' lang='lat' dir='ltr'>sententia</span> <span class='ocrx_word' id='word_1_673' title='bbox 3268 4604 3448 4677; x_wconf 85' lang='lat' dir='ltr'>simili</span> <span class='ocrx_word' id='word_1_674' title='bbox 3481 4609 3859 4689; x_wconf 84' lang='grc' dir='ltr'>ἐνσημαίνειν</span> <span class='ocrx_word' id='word_1_675' title='bbox 3887 4639 4002 4703; x_wconf 85' lang='lat' dir='ltr'>pro</span> 
     </span>
     <span class='ocr_line' id='line_1_88' title="bbox 2315 4706 4002 4800; baseline 0.005 -29"><span class='ocrx_word' id='word_1_676' title='bbox 2315 4708 2507 4773; x_wconf 88' lang='lat' dir='ltr'>verbo</span> <span class='ocrx_word' id='word_1_677' title='bbox 2566 4706 2825 4796; x_wconf 89' lang='lat' dir='ltr'>simplici</span> <span class='ocrx_word' id='word_1_678' title='bbox 2883 4723 3181 4793; x_wconf 89' lang='lat' dir='ltr'>usurpat:</span> <span class='ocrx_word' id='word_1_679' title='bbox 3231 4711 3327 4775; x_wconf 81' lang='grc' dir='ltr'>καὶ</span> <span class='ocrx_word' id='word_1_680' title='bbox 3381 4708 3666 4793; x_wconf 75' lang='grc' dir='ltr'>Ἰωάννην</span> <span class='ocrx_word' id='word_1_681' title='bbox 3715 4718 4002 4800; x_wconf 71' lang='grc' dir='ltr'>ἀριδήλως</span> 
     </span>
     <span class='ocr_line' id='line_1_89' title="bbox 2313 4812 3998 4898; baseline 0.004 -23"><span class='ocrx_word' id='word_1_682' title='bbox 2313 4812 2763 4894; x_wconf 77' lang='grc' dir='ltr'>προσονομάζει,</span> <span class='ocrx_word' id='word_1_683' title='bbox 2795 4812 2828 4876; x_wconf 76' lang='grc' dir='ltr'><strong><em>ὃ</em></strong></span> <span class='ocrx_word' id='word_1_684' title='bbox 2858 4813 3155 4893; x_wconf 83' lang='grc' dir='ltr'>σωτηρίαν</span> <span class='ocrx_word' id='word_1_685' title='bbox 3183 4818 3306 4880; x_wconf 82' lang='grc' dir='ltr'>τοῖς</span> <span class='ocrx_word' id='word_1_686' title='bbox 3332 4819 3502 4883; x_wconf 77' lang='grc' dir='ltr'>λαοῖς</span> <span class='ocrx_word' id='word_1_687' title='bbox 3529 4817 3875 4898; x_wconf 70' lang='grc' dir='ltr'>ἐνσημαίνει</span> <span class='ocrx_word' id='word_1_688' title='bbox 3904 4828 3998 4891; x_wconf 73' lang='grc' dir='ltr'>καὶ</span> 
     </span>
     <span class='ocr_line' id='line_1_90' title="bbox 2313 4914 3992 5012; baseline 0.005 -35"><span class='ocrx_word' id='word_1_689' title='bbox 2313 4919 2431 4978; x_wconf 96' lang='grc' dir='ltr'>τῶν</span> <span class='ocrx_word' id='word_1_690' title='bbox 2488 4914 2792 4994; x_wconf 87' lang='grc' dir='ltr'>ἐσομένων</span> <span class='ocrx_word' id='word_1_691' title='bbox 2850 4916 3089 4997; x_wconf 80' lang='grc' dir='ltr'>ἀγαθῶν</span> <span class='ocrx_word' id='word_1_692' title='bbox 3142 4915 3415 4996; x_wconf 60' lang='grc' dir='ltr'>μήνυσιν.</span> <span class='ocrx_word' id='word_1_693' title='bbox 3505 4917 3685 4989; x_wconf 84' lang='lat' dir='ltr'>Idem</span> <span class='ocrx_word' id='word_1_694' title='bbox 3746 4945 3807 5010; x_wconf 90' lang='lat' dir='ltr'>p.</span> <span class='ocrx_word' id='word_1_695' title='bbox 3869 4931 3953 5012; x_wconf 88' lang='lat'>96</span> <span class='ocrx_word' id='word_1_696' title='bbox 3976 4956 3992 4995; x_wconf 88' lang='lat'>:</span> 
     </span>
     <span class='ocr_line' id='line_1_91' title="bbox 2313 5016 4000 5114; baseline 0.004 -32"><span class='ocrx_word' id='word_1_697' title='bbox 2313 5016 2450 5083; x_wconf 81' lang='grc' dir='ltr'>ἀλλ’</span> <span class='ocrx_word' id='word_1_698' title='bbox 2482 5020 2641 5082; x_wconf 83' lang='grc' dir='ltr'>ὥστε</span> <span class='ocrx_word' id='word_1_699' title='bbox 2667 5018 2775 5082; x_wconf 85' lang='grc' dir='ltr'>τὸν</span> <span class='ocrx_word' id='word_1_700' title='bbox 2804 5020 2992 5087; x_wconf 82' lang='grc' dir='ltr'>πόθον</span> <span class='ocrx_word' id='word_1_701' title='bbox 3023 5020 3395 5098; x_wconf 73' lang='grc' dir='ltr'>ἐνδείξασθαι</span> <span class='ocrx_word' id='word_1_702' title='bbox 3424 5022 3519 5085; x_wconf 82' lang='grc' dir='ltr'>καὶ</span> <span class='ocrx_word' id='word_1_703' title='bbox 3547 5027 3621 5088; x_wconf 83' lang='grc' dir='ltr'>τᾶ</span> <span class='ocrx_word' id='word_1_704' title='bbox 3658 5030 3759 5105; x_wconf 75' lang='grc' dir='ltr'>τῆς</span> <span class='ocrx_word' id='word_1_705' title='bbox 3782 5029 4000 5114; x_wconf 74' lang='grc' dir='ltr'>ἡμέρας</span> 
     </span>
    </p>
   </div>
   <div class='ocr_carea' id='block_1_8' title="bbox 2312 5122 3995 5319">
    <p class='ocr_par' dir='ltr' id='par_1_12' title="bbox 2312 5122 3995 5319">
     <span class='ocr_line' id='line_1_92' title="bbox 2315 5122 3994 5206; baseline 0.008 -20"><span class='ocrx_word' id='word_1_706' title='bbox 2315 5123 2642 5202; x_wconf 83' lang='grc' dir='ltr'>ἐνσημᾶναι</span> <span class='ocrx_word' id='word_1_707' title='bbox 2669 5124 3041 5206; x_wconf 82' lang='grc' dir='ltr'>χαρμόσυνα.</span> <span class='ocrx_word' id='word_1_708' title='bbox 3110 5122 3233 5187; x_wconf 84' lang='lat' dir='ltr'>Sed</span> <span class='ocrx_word' id='word_1_709' title='bbox 3256 5122 3545 5193; x_wconf 80' lang='lat' dir='ltr'>Plotinus</span> <span class='ocrx_word' id='word_1_710' title='bbox 3565 5125 3666 5193; x_wconf 84' lang='lat' dir='ltr'>hic</span> <span class='ocrx_word' id='word_1_711' title='bbox 3681 5144 3825 5195; x_wconf 87' lang='lat' dir='ltr'>ante</span> <span class='ocrx_word' id='word_1_712' title='bbox 3845 5155 3994 5198; x_wconf 87' lang='lat' dir='ltr'>ocu-</span> 
     </span>
     <span class='ocr_line' id='line_1_93' title="bbox 2312 5222 3995 5319; baseline 0.01 -31"><span class='ocrx_word' id='word_1_713' title='bbox 2312 5222 2406 5289; x_wconf 90' lang='lat' dir='ltr'>los</span> <span class='ocrx_word' id='word_1_714' title='bbox 2433 5224 2654 5290; x_wconf 83' lang='lat' dir='ltr'>habuit</span> <span class='ocrx_word' id='word_1_715' title='bbox 2690 5225 2843 5291; x_wconf 85' lang='lat' dir='ltr'>alios</span> <span class='ocrx_word' id='word_1_716' title='bbox 2882 5224 3049 5290; x_wconf 88' lang='lat' dir='ltr'>locos</span> <span class='ocrx_word' id='word_1_717' title='bbox 3090 5225 3406 5293; x_wconf 83' lang='lat' dir='ltr'>Platonis:</span> <span class='ocrx_word' id='word_1_718' title='bbox 3454 5226 3533 5294; x_wconf 89' lang='lat' dir='ltr'>de</span> <span class='ocrx_word' id='word_1_719' title='bbox 3577 5231 3857 5319; x_wconf 84' lang='lat' dir='ltr'>Republ.</span> <span class='ocrx_word' id='word_1_720' title='bbox 3891 5237 3995 5304; x_wconf 93' lang='lat' dir='ltr'>II.</span> 
     </span>
    </p>
   </div>
   <div class='ocr_carea' id='block_1_9' title="bbox 2312 5327 3992 5413">
    <p class='ocr_par' dir='ltr' id='par_1_13' title="bbox 2312 5327 3992 5413">
     <span class='ocr_line' id='line_1_94' title="bbox 2312 5327 3992 5413; baseline 0.009 -23"><span class='ocrx_word' id='word_1_721' title='bbox 2312 5348 2376 5413; x_wconf 93' lang='lat' dir='ltr'>p.</span> <span class='ocrx_word' id='word_1_722' title='bbox 2411 5344 2561 5412; x_wconf 83' lang='lat'><strong>377.</strong></span> <span class='ocrx_word' id='word_1_723' title='bbox 2598 5328 2676 5391; x_wconf 91' lang='grc' dir='ltr'>Β.</span> <span class='ocrx_word' id='word_1_724' title='bbox 2705 5327 2968 5408; x_wconf 81' lang='grc' dir='ltr'>μάλιστα</span> <span class='ocrx_word' id='word_1_725' title='bbox 3011 5331 3126 5409; x_wconf 79' lang='grc' dir='ltr'>γὰρ</span> <span class='ocrx_word' id='word_1_726' title='bbox 3156 5328 3226 5408; x_wconf 76' lang='grc' dir='ltr'>δὴ</span> <span class='ocrx_word' id='word_1_727' title='bbox 3254 5330 3390 5394; x_wconf 85' lang='grc' dir='ltr'>τότε</span> <span class='ocrx_word' id='word_1_728' title='bbox 3422 5331 3742 5399; x_wconf 84' lang='grc' dir='ltr'>πλάττεται</span> <span class='ocrx_word' id='word_1_729' title='bbox 3768 5338 3866 5403; x_wconf 79' lang='grc' dir='ltr'>καὶ</span> <span class='ocrx_word' id='word_1_730' title='bbox 3895 5342 3992 5405; x_wconf 87' lang='grc' dir='ltr'>ἐν-</span> 
     </span>
    </p>
   </div>
   <div class='ocr_carea' id='block_1_10' title="bbox 1925 5426 3994 5515">
    <p class='ocr_par' dir='ltr' id='par_1_14' title="bbox 1925 5426 3994 5515">
     <span class='ocr_line' id='line_1_95' title="bbox 1925 5426 3994 5515; baseline 0.007 -27"><span class='ocrx_word' id='word_1_731' title='bbox 1925 5426 2221 5491; x_wconf 89' lang='lat' dir='ltr'>Nostrum</span> <span class='ocrx_word' id='word_1_732' title='bbox 2308 5430 2506 5494; x_wconf 80' lang='grc' dir='ltr'>δύεται</span> <span class='ocrx_word' id='word_1_733' title='bbox 2544 5431 2723 5497; x_wconf 77' lang='grc' dir='ltr'>τύπος</span> <span class='ocrx_word' id='word_1_734' title='bbox 2764 5429 2836 5501; x_wconf 79' lang='grc' dir='ltr'>ὃν</span> <span class='ocrx_word' id='word_1_735' title='bbox 2877 5431 2953 5495; x_wconf 71' lang='grc' dir='ltr'>ἄν</span> <span class='ocrx_word' id='word_1_736' title='bbox 2986 5456 3072 5498; x_wconf 84' lang='grc' dir='ltr'>τις</span> <span class='ocrx_word' id='word_1_737' title='bbox 3110 5433 3428 5512; x_wconf 84' lang='grc' dir='ltr'>βούληται,</span> <span class='ocrx_word' id='word_1_738' title='bbox 3462 5435 3902 5515; x_wconf 75' lang='grc' dir='ltr'>ἐνσημήνασθαι</span> <span class='ocrx_word' id='word_1_739' title='bbox 3930 5457 3994 5510; x_wconf 82' lang='lat' dir='ltr'>et</span> 
     </span>
    </p>
   </div>
   <div class='ocr_carea' id='block_1_11' title="bbox 540 5527 3989 5628">
    <p class='ocr_par' dir='ltr' id='par_1_15' title="bbox 540 5527 3989 5628">
     <span class='ocr_line' id='line_1_96' title="bbox 540 5527 3989 5628; baseline 0.003 -31"><span class='ocrx_word' id='word_1_740' title='bbox 540 5546 741 5597; x_wconf 80' lang='lat' dir='ltr'>autem</span> <span class='ocrx_word' id='word_1_741' title='bbox 773 5531 977 5597; x_wconf 89' lang='lat' dir='ltr'>locum</span> <span class='ocrx_word' id='word_1_742' title='bbox 1010 5529 1137 5595; x_wconf 91' lang='lat' dir='ltr'>suis</span> <span class='ocrx_word' id='word_1_743' title='bbox 1164 5529 1688 5616; x_wconf 89' lang='lat' dir='ltr'>disputationibus</span> <span class='ocrx_word' id='word_1_744' title='bbox 1729 5527 2018 5593; x_wconf 83' lang='lat' dir='ltr'>adhibuit</span> <span class='ocrx_word' id='word_1_745' title='bbox 2047 5528 2218 5594; x_wconf 89' lang='lat' dir='ltr'>Cud-</span> <span class='ocrx_word' id='word_1_746' title='bbox 2307 5530 2627 5618; x_wconf 84' lang='lat' dir='ltr'>praecipue</span> <span class='ocrx_word' id='word_1_747' title='bbox 2671 5529 2804 5595; x_wconf 84' lang='lat' dir='ltr'>haec</span> <span class='ocrx_word' id='word_1_748' title='bbox 2844 5531 2909 5594; x_wconf 85' lang='lat' dir='ltr'>in</span> <span class='ocrx_word' id='word_1_749' title='bbox 2959 5531 3285 5598; x_wconf 82' lang='lat' dir='ltr'>Theaeteto</span> <span class='ocrx_word' id='word_1_750' title='bbox 3326 5558 3391 5621; x_wconf 91' lang='lat' dir='ltr'>p.</span> <span class='ocrx_word' id='word_1_751' title='bbox 3436 5554 3580 5619; x_wconf 90' lang='lat'><strong>191.</strong></span> <span class='ocrx_word' id='word_1_752' title='bbox 3625 5536 3686 5603; x_wconf 92' lang='lat' dir='ltr'><strong>d.</strong></span> <span class='ocrx_word' id='word_1_753' title='bbox 3733 5563 3800 5628; x_wconf 91' lang='lat' dir='ltr'>p.</span> <span class='ocrx_word' id='word_1_754' title='bbox 3846 5546 3989 5612; x_wconf 83' lang='lat'><strong>281.</strong></span> 
     </span>
    </p>
   </div>
   <div class='ocr_carea' id='block_1_12' title="bbox 2425 5622 2651 5690">
    <p class='ocr_par' dir='ltr' id='par_1_16' title="bbox 2425 5622 2651 5690">
     <span class='ocr_line' id='line_1_97' title="bbox 2425 5622 2651 5690; baseline 0 0"><span class='ocrx_word' id='word_1_755' title='bbox 2425 5622 2651 5690; x_wconf 68' lang='lat' dir='ltr'>xks</span> 
     </span>
    </p>
   </div>
   <div class='ocr_carea' id='block_1_13' title="bbox 5064 3786 5067 4899">
    <p class='ocr_par' dir='ltr' id='par_1_17' title="bbox 5064 3786 5067 4899">
     <span class='ocr_line' id='line_1_98' title="bbox 5064 3786 5067 4899; baseline 0 0"><span class='ocrx_word' id='word_1_756' title='bbox 5064 3786 5067 4899; x_wconf 95' lang='lat' dir='ltr'> </span> 
     </span>
    </p>
   </div>
  </div>
 </body>
</html>
