5118 6613
1063 568 1186 636 194

1144 845 1208 910 p.
1239 823 1388 907 630,
1419 839 1480 904 7.
1549 825 1742 885 ΠΕΡΙ
1802 824 2133 885 ΦΎΣΕΩΣ
2187 824 2327 884 ΚΑΙ
2388 823 2753 885 ΘΕΩΡῙΑΣ

1061 930 1200 991 ΚΑΙ
1229 929 1398 989 TOT
1424 924 1675 1008 ΕΝΟΣ]
1730 922 1833 987 Ita
1855 921 1957 986 hic
1984 921 2141 986 liber
2168 922 2353 987 etiam
2397 919 2756 986 inscribitur

1058 1050 1161 1116 ap.
1185 1027 1500 1115 Porphyr.
1518 1025 1598 1090 de
1616 1025 1742 1091 Vit.
1769 1023 1935 1091 Plot.
1959 1048 2014 1089 c.
2037 1044 2140 1108 24.
2158 1023 2268 1089 sed
2296 1023 2528 1089 ibidem
2558 1022 2755 1088 altero

1057 1131 1194 1196 loco
1235 1152 1374 1218 cap.
1402 1145 1466 1216 5.
1510 1128 1905 1217 simpliciter:
1952 1129 2088 1211 περὶ
2131 1130 2394 1212 θεωρίας.
2454 1126 2600 1193 Vid.
2632 1129 2757 1192 Fa.-

1058 1235 1210 1300 bric.
1238 1234 1322 1300 ad
1349 1257 1495 1322 pag.
1537 1251 1680 1317 143.
1769 1233 1892 1297 Est
1918 1245 2130 1297 autem
2159 1255 2238 1296 ex
2267 1230 2485 1296 ordine
2515 1243 2755 1318 tempo-

1057 1337 1141 1403 ris
1168 1337 1533 1403 tricesimus.
1581 1334 1727 1400 Vid.
1758 1333 1907 1399 ibid.
1942 1336 2212 1417 Θεωρίας
2242 1348 2453 1399 autem
2484 1332 2755 1398 vocabu-

1057 1441 1211 1518 lum,
1244 1455 1319 1505 ut
1366 1437 1513 1504 hinc
1559 1437 1790 1516 ordiar,
1835 1435 1957 1503 late
1999 1452 2173 1524 patet
2215 1459 2330 1525 per
2382 1438 2753 1503 Graecorum

1056 1544 1431 1632 scriptorum
1467 1556 1888 1606 monumenta.
1982 1543 2187 1619 Quam
2225 1540 2586 1607 varietatem
2617 1562 2757 1628 per-

1057 1646 1234 1734 sequi
1259 1668 1384 1710 non
1406 1644 1663 1710 attinet:
1711 1644 1791 1710 de
1822 1642 2336 1732 philosophorum
2369 1667 2486 1708 usu
2518 1643 2753 1731 prima·

1057 1749 1150 1815 ria
1177 1747 1446 1815 tenenda
1475 1762 1645 1811 sunt.
1733 1749 1836 1811 Ac
1873 1746 2048 1834 quod
2085 1746 2463 1812 Plutarchus
2489 1747 2572 1812 de
2601 1748 2755 1811 Mu-

1056 1854 1180 1920 sica
1207 1875 1273 1941 p.
1313 1873 1338 1917 1
1357 1872 1494 1932 140.
1527 1852 1613 1916 E.
1644 1872 1710 1938 p.
1743 1850 1894 1936 663.
1921 1852 2125 1939 Wytt.
2155 1850 2342 1916 dicit:
2395 1852 2491 1915 καὶ
2516 1850 2586 1915 τὸ
2611 1854 2755 1915 θεω-

1052 1955 1386 2040 ρεῖν-ἆπὸ
1437 1958 1543 2019 τοῦ
1588 1957 1728 2018 θεοῦ
1771 1954 1881 2033 τὴν
1924 1957 2331 2037 προσηγορίαν
2380 1955 2592 2035 ἔλαβε,
2634 1954 2757 2019 hoc

1053 2062 1346 2149 deinceps
1372 2060 1454 2126 ad
1484 2074 1830 2148 postremos
1859 2083 2060 2148 usque
2102 2060 2562 2126 Grammaticos
2604 2083 2751 2148 per·

1054 2163 1260 2231 tinuit.
1311 2164 1546 2229 Thom.
1597 2165 1780 2251 Mag.
1816 2187 1881 2250 p.
1920 2166 2069 2245 446.
2118 2163 2459 2228 Bet-nard:
2508 2163 2753 2246 λέγεται

1053 2272 1118 2333 δὲ
1147 2269 1362 2351 θεωρία
1393 2267 1550 2347 καὶὴ
1591 2266 1729 2349 περὶ
1765 2265 1873 2330 τὸν
1914 2267 2053 2331 θεὸν
2092 2267 2311 2351 σχολὴ,
2344 2268 2440 2332 καὶ
2484 2267 2751 2346 διηνεκὴς

1054 2372 1234 2436 αὐτοῦ
1259 2371 1582 2454 φαντασία.
1661 2368 1908 2434 Addit:
1956 2370 2356 2452 ἡπράγματός
2383 2395 2542 2438 τινος
2567 2395 2745 2434 κατα-

1055 2475 1274 2556 νόησις.
1366 2475 1588 2559 Atque
1626 2471 1689 2537 in
1736 2470 1833 2536 his
1862 2472 2068 2537 verbis
2100 2471 2500 2558 attinguntur
2527 2471 2746 2558 praeci-

1050 2576 1161 2665 pui
1205 2575 1375 2640 vocis
1420 2574 1801 2662 significatus
1842 2572 2015 2660 apud
2066 2572 2490 2660 philosophos.
2581 2574 2747 2636 Nam

1053 2677 1468 2766 Pythagoreis
1499 2691 1839 2763 usurpatur
1860 2680 2106 2758 θεωρεῖν
2126 2674 2206 2740 de
2223 2685 2514 2739 accurata
2534 2674 2745 2763 cogni-

1051 2780 1218 2846 tione
1247 2795 1489 2845 naturae
1521 2777 1790 2843 universi
1818 2792 1884 2842 et
1920 2799 2161 2854 eorum,
2192 2800 2337 2863 quae
2380 2776 2464 2841 ad
2503 2777 2742 2865 sapien-

1054 2883 1201 2947 tiam
1246 2880 1582 2969 pertinent,
1624 2879 1995 2967 Perictyone
2023 2879 2088 2942 in
2119 2879 2295 2944 Stob.
2328 2878 2624 2965 Florileg.
2658 2880 2743 2943 T.

1056 2987 1115 3049 I.
1145 3008 1212 3072 p.
1248 3005 1310 3066 7.
1343 3008 1407 3072 p.
1442 3001 1543 3063 24.
1579 2982 1680 3047 ed.
1725 2981 2079 3046 Gaisford.:
2128 2982 2347 3064 γέγονε
2377 2984 2443 3046 δὲ
2483 2981 2579 3045 καὶ
2608 3006 2749 3045 συν-

1058 3088 1207 3152 έστα
1235 3089 1267 3150 ὁ
1298 3088 1604 3169 ἅνθρωπος
1631 3084 1813 3149 ποττὸ
1845 3089 2139 3167 θεωρῆσαι
2168 3085 2274 3150 τὸν
2293 3083 2482 3167 λόγον
2499 3089 2605 3152 τᾶς
2631 3090 2749 3149 τῶν

1057 3194 1219 3256 ὅλων
1248 3192 1464 3273 φύσιος
1492 3191 1587 3254 καὶ
1614 3193 1718 3257 τᾶς
1747 3190 1968 3271 σοφίας
1997 3217 2050 3253 κ.
2070 3215 2125 3253 τ.
2147 3198 2210 3252 λ.
2302 3189 2474 3253 Hinc
2505 3191 2742 3269 ἐπιστη-

1052 3293 1260 3376 μονικὴ
1307 3293 1523 3376 θεωρία
1574 3306 1955 3357 memoratur
1991 3293 2054 3356 in
2099 3291 2356 3357 historia
2406 3292 2749 3382 disciplinae

1056 3394 1495 3485 Pythagoricae
1537 3395 1885 3460 Iamblicho
1931 3396 2124 3460 XVI.
2171 3394 2252 3459 de
2295 3395 2424 3461 vita
2467 3397 2744 3485 Pythag.

1052 3527 1112 3591 p.
1144 3503 1253 3588 56.
1287 3502 1479 3565 Kust.
1509 3516 1572 3565 et
1612 3500 1928 3581 μαθήματα
1966 3501 2061 3565 καὶ
2100 3504 2314 3582 θεωρία
2341 3500 2494 3566 ibid.
2528 3524 2597 3589 p.
2622 3503 2741 3566 62:

1053 3608 1148 3671 καὶ
1176 3607 1319 3671 ἄνευ
1346 3603 1703 3685 μαθημάτων
1734 3604 1829 3668 καὶ
1863 3606 2127 3685 θεωρίας,
2161 3603 2270 3668 ubi
2301 3616 2509 3668 tamen
2541 3606 2638 3669 καὶ
2664 3605 2746 3668 ab

1053 3730 1182 3772 uno
1217 3730 1295 3772 ex
1341 3706 1534 3785 libris,
1563 3727 1836 3794 quorum
1882 3721 2176 3793 excerpta
2217 3705 2441 3784 habe0‚
2473 3706 2747 3771 secundo

1050 3810 1187 3876 loco
1214 3811 1414 3875 abest.
1504 3811 1606 3874 Ac
1634 3831 1777 3874 cum
1807 3807 1873 3872 hi
1905 3807 2090 3873 iidem
2121 3807 2476 3896 philosophi
2507 3810 2572 3873 in
2600 3833 2748 3897 geo-

1051 3913 1271 3978 metria
1299 3911 1874 3998 mathematicisque
1903 3910 2242 4000 disciplinis
2270 3927 2334 3977 et
2372 3915 2751 3978 astronomia

1057 4018 1277 4104 (quam
1305 4014 1493 4079 hodie
1537 4013 1830 4098 dicimus)
1876 4036 2128 4101 operam
2166 4014 2574 4097 collocabant,
2605 4016 2750 4082 hinc

1056 4120 1271 4201 θεωρία
1297 4117 1359 4181 in
1392 4139 1608 4180 eorum
1639 4116 1882 4203 scriptis
1910 4116 2095 4181 etiam
2126 4115 2206 4182 de
2239 4120 2752 4207 contemplatione

1059 4223 1234 4308 (quae
1262 4219 1514 4307 proprie
1552 4218 1810 4304 dicitur)
1849 4234 1912 4283 et
1954 4221 2467 4300 consideratione,
2499 4222 2628 4287 sive
2671 4222 2751 4287 de

1055 4322 1406 4412 cognitione
1445 4336 1779 4401 astrorum,
1809 4336 2106 4409 tanquam
2152 4323 2402 4388 sublimi
2445 4337 2510 4390 et
2552 4324 2753 4414 philo-

1056 4426 1267 4515 sophis
1324 4425 1517 4513 digno
1559 4424 1789 4504 studio,
1842 4441 2214 4514 usurpatur:
2266 4426 2639 4515 Perictyone
2686 4428 2751 4491 in

1061 4530 1237 4595 Stob.
1291 4528 1509 4593 Floril.
1559 4528 1694 4594 Tit.
1747 4544 1849 4613 79.
1913 4551 1976 4617 p.
2023 4547 2173 4615 457.
2228 4552 2292 4617 p.
2343 4531 2486 4594 118.
2545 4530 2749 4597 Gaisf.

1060 4635 1214 4714 Θείη
1239 4636 1356 4717 γὰρ
1388 4633 1483 4697 καὶ
1512 4633 1664 4712 καλὴ
1686 4634 1829 4716 ὄψις
1858 4632 2105 4715 γονέων·
2139 4634 2233 4698 καὶ
2261 4635 2298 4714 ἡ
2327 4634 2584 4700 τουτέων
2605 4634 2753 4718 ἅψις

1060 4737 1155 4800 καὶ
1185 4737 1485 4818 θεραπείη,
1512 4737 1696 4815 ὁκόση
1718 4736 1854 4799 οὐδὲ
1876 4736 2049 4816 ἡλίου
2071 4737 2208 4800 οὐδὲ
2230 4736 2469 4802 πάντων
2492 4740 2747 4821 ἄστρων,

1059 4841 1133 4903 τὰ
1182 4838 1430 4919 οὐρανὸς
1477 4836 1857 4921 ἐναψάμενος
1907 4840 2299 4922 ἆμφιχορεύει
2352 4841 2639 4922 (Jacobs.
2670 4840 2751 4905 ad

1057 4939 1323 5005 Anthol.
1368 4940 1486 5005 Gr.
1524 4941 1659 5004 IX.
1699 4963 1767 5027 p.
1803 4959 1968 5026 293:
2017 4943 2508 5026 ἀμφιχορεύεται)
2562 4946 2657 5007 καὶ
2697 4947 2754 5008 εἴ

1058 5072 1116 5110 τι
1159 5045 1315 5109 ἄλλο
1361 5041 1552 5107 δοκέει
1579 5068 1667 5110 τις
1702 5048 1901 5127 χρῆμα
1936 5050 2137 5124 μεῖζον
2167 5044 2319 5108 εἶναι
2364 5045 2459 5109 καὶ
2503 5047 2751 5127 θεωρίην

1063 5150 1284 5213 ἐόντων
1332 5145 1610 5229 (Jacobs.
1668 5144 1711 5209 l.
1737 5145 1777 5210 l.
1835 5148 1934 5211 καὶ
1989 5149 2289 5230 θειότερον
2338 5154 2456 5212 τῶν
2510 5150 2750 5223 ἐόντων,

1060 5250 1235 5338 quod
1272 5247 1505 5337 recepit
1545 5250 1741 5315 Conr.
1777 5251 2052 5315 oremus
2093 5250 2156 5315 in
2204 5249 2534 5337 Opuscull.
2569 5252 2750 5315 Groe-

1061 5377 1218 5419 corr.
1264 5352 1649 5419 sententiosa
1693 5353 1794 5419 11.
1839 5376 1902 5442 p.
1932 5369 2087 5441 350,
2133 5377 2338 5442 neque
2382 5369 2588 5419 tamen
2631 5356 2751 5419 Ja-

1063 5458 1222 5522 cobs.
1255 5472 1576 5521 memorat.
1605 5456 1672 5520 in
1695 5456 1980 5522 Lection.
2017 5457 2443 5522 StobensibuS.
2477 5457 2640 5523 Cod.
2661 5459 2747 5521 A.

1064 5583 1165 5648 ap.
1221 5560 1540 5626 Gaisford.
1589 5559 1780 5626 habet
1822 5566 2022 5641 μεῖζον
2074 5561 2293 5625 ἐόντων
2340 5561 2436 5625 καὶ
2486 5562 2753 5643 θεωρίην.

1989 543 2839 611 ANNOTATIONES
2903 544 3014 609 IN
3078 544 3512 610 PLOTINI

2841 719 2949 783 Ex
2996 716 3114 783 hae
3158 731 3223 781 et
3275 714 3531 804 vulgata
3574 713 3774 781 lenius
3827 714 4087 781 efficias:
4132 721 4332 797 μεῖξον
4386 714 4541 781 εἶναι

2840 825 2959 884 τῶν
2989 822 3139 886 κατὰ
3165 821 3413 902 θεωρίην
3445 822 3701 885 ἐόντωνι
3749 833 3813 885 et
3856 819 3908 884 si
3944 818 4087 907 quis
4130 842 4294 908 opus
4334 819 4541 906 majus

2838 921 3150 987 existimet
3177 944 3257 986 ex
3287 921 3384 1000 iis,
3414 945 3560 1009 quae
3597 920 3678 986 ad
3722 922 4310 1010 contemplationem
4348 922 4539 1010 perti-

2839 1027 3040 1110 nent.)
3135 1024 3459 1091 Platonem
3506 1037 3742 1104 autem,
3790 1039 3860 1090 ut
3905 1024 4053 1091 illuc
4096 1025 4537 1115 transgrediar,

2836 1149 3023 1192 nemo
3052 1127 3243 1193 nescit
3273 1133 3536 1210 θεωρεῖν,
3569 1130 3820 1211 θεωρίαν
3849 1141 3914 1193 et
3959 1131 4204 1212 θεωρίας
4246 1151 4373 1195 non
4414 1127 4531 1193 mi-

2840 1252 2960 1294 nus
3012 1253 3314 1317 usurpare
3357 1253 3498 1294 cum
3545 1230 3624 1295 de
3668 1231 3887 1297 altiore
3929 1231 4400 1321 investigatione
4441 1255 4537 1298 re-

2840 1354 3005 1411 rum,
3054 1355 3211 1419 quas
3254 1333 3355 1399 hic
3396 1334 3674 1399 muudus
3726 1333 4089 1423 coelumque
4141 1334 4353 1414 habet,
4399 1351 4534 1401 tum

2841 1435 3161 1502 subtiliore
3209 1436 3562 1524 cognitione
3606 1451 3849 1502 naturae
3898 1437 4216 1518 humanae,
4265 1460 4535 1516 morum,

2831 1537 3101 1626 jurium,
3131 1561 3350 1603 verum
3392 1539 3577 1604 etiam
3625 1539 3705 1605 de
3742 1540 3962 1606 altiore
4006 1541 4359 1629 spectaculo
4399 1541 4536 1629 ejus

2841 1641 3085 1722 mundi,
3112 1641 3176 1706 in
3217 1666 3346 1729 quo
3387 1666 3687 1730 perennes
3728 1642 3889 1709 ideae
3925 1643 4270 1732 splendent.
4361 1642 4535 1708 Hinc

2838 1746 3339 1834 frequentissima
3368 1745 3502 1811 hoec
3531 1770 3645 1834 per
3683 1747 3822 1834 ejus
3860 1746 4174 1836 dialogos:
4225 1751 4361 1815 νοῦς
4393 1751 4529 1813 θεα-

2838 1850 2957 1930 τὴς,
2993 1854 3264 1924 θεᾶσθαι,
3297 1854 3560 1932 θεωρεῖν,
3593 1853 3628 1915 ό
3665 1855 3901 1933 θεωρῶν
3946 1851 4105 1934 (sive
4134 1854 4168 1916 ὁ
4209 1853 4527 1935 θεῶμενος)

2841 1953 2983 2018 αὐτὸ
3012 1953 3081 2018 τὸ
3115 1955 3322 2028 καλὸν,
3355 1953 3497 2019 αὐτὸ
3525 1954 3594 2018 τὸ
3626 1954 3856 2037 ἀγαθὸν
3895 1971 3960 2019 et
3992 1953 4231 2019 similia.
4310 1954 4526 2019 Unum

2840 2054 3046 2119 locum
3076 2055 3387 2143 adjiciam,
3418 2056 3675 2144 quando
3710 2056 4001 2144 pluribus
4044 2080 4167 2122 non
4211 2079 4374 2146 opus
4413 2070 4528 2134 est,

2837 2181 2914 2223 ex
2958 2158 3132 2224 libris
3174 2159 3255 2223 de
3298 2161 3460 2247 Rep.
3497 2162 3655 2225 VII.
3687 2183 3750 2248 p.
3781 2179 3932 2246 517.
3976 2161 4096 2227 sub
4136 2162 4245 2226 fin.
4284 2184 4351 2248 p.
4382 2178 4529 2247 332.

2840 2260 3079 2327 Bekk.:
3129 2264 3193 2327 τί
3246 2262 3354 2336 δέ;
3409 2266 3544 2328 τόδε
3601 2267 3713 2329 οἴει
3769 2290 3825 2329 τι
3882 2265 4245 2344 θαυμαστὸν,
4300 2266 4355 2328 εί
4410 2262 4526 2329 ἀπὸ

2838 2367 3032 2441 θείων,
3064 2367 3140 2447 ἦν
3168 2365 3216 2432 δ’
3249 2369 3387 2449 ἐγὼ,
3421 2371 3678 2450 θεωριῶν
3709 2368 3806 2431 ἐπὶ
3835 2370 3912 2432 τὸ.
3945 2365 4282 2449 ἇνθρόπειά
4308 2391 4395 2434 τις
4423 2368 4524 2430 ἐλ-

2838 2472 2959 2535 θων
2994 2473 3145 2534 κακὰ
3191 2472 3531 2553 ἀσχημονεῖ
3562 2495 3630 2534 τε
3679 2470 3775 2534 καὶ
3823 2472 4104 2552 φαίνεται
4146 2470 4384 2552 σφόδρα
4424 2493 4524 2550 γε-

2834 2577 3018 2646 λοῖος,
3075 2572 3162 2637 ἔτι
3208 2574 3613 2652 ἀμβλυώττων
3673 2574 3769 2637 καὶ
3824 2573 3965 2654 πρὶν
4023 2574 4232 2639 ἱκανῶς
4274 2570 4528 2651 συνήθης

2834 2675 3120 2757 γενέσθαι
3146 2679 3226 2762 τῷ
3256 2677 3505 2756 παρόντι
3533 2677 3726 2760 σκότῳ
3758 2702 3811 2740 κ.
3837 2701 3891 2739 τ.
3917 2683 3980 2740 λ.
4072 2677 4232 2753 Quoe
4260 2672 4528 2762 respexit

2836 2777 3224 2843 Themistius
3252 2777 3314 2841 in
3348 2780 3526 2842 Orat.
3560 2776 3639 2842 de
3683 2778 4077 2842 Praefectura
4103 2800 4158 2843 c.
4190 2797 4295 2862 30.
4324 2799 4390 2865 p.
4422 2793 4523 2859 72.

2831 2880 2932 2948 ed.
2965 2904 3098 2969 pre.
3132 2880 3395 2946 Mediol.
3420 2883 3624 2945 2—5rt
3650 2880 3914 2945 Πλάτων
3954 2884 4022 2946 ἐν
4062 2881 4354 2966 Πολιτείᾳ
4395 2880 4528 2948 τοὺς

2834 2985 2952 3049 ἀπὸ
2981 2989 3081 3064 τῆς
3109 2987 3270 3052 θείας
3300 2986 3544 3067 θεωρίας
3566 2985 4037 3064 καταβαίνοντας
4058 2986 4140 3052 είς
4166 2983 4276 3063 τὴν
4298 2985 4521 3065 &nopo-

2833 3090 3010 3167 πίνην
3042 3089 3447 3170 ὑποκορίζεται
3489 3089 3674 3172 τούτῳ
3704 3091 3784 3173 τῷ
3813 3087 4026 3169 ῥήματι
4057 3115 4109 3152 κ.
4133 3114 4187 3151 τ.
4206 3096 4272 3151 λ.
4345 3088 4523 3152 Eun·

2834 3189 2975 3254 dem
3037 3189 3239 3253 locum
3303 3190 3607 3276 expressit
3666 3189 3986 3277 Porphyr.
4040 3189 4121 3254 de
4173 3189 4321 3255 Vita
4370 3189 4526 3254 Plot.

2834 3318 2889 3358 c.
2924 3293 3217 3357 XXIII.
3250 3316 3315 3380 p.
3344 3294 3486 3378 138.
3536 3292 3834 3358 Alcinous
3867 3291 3947 3357 de
3989 3294 4210 3359 Doctr.
4244 3292 4408 3358 Plat.
4441 3292 4529 3358 ita

2835 3420 2968 3484 cap.
3015 3398 3155 3460 III.
3205 3419 3269 3482 p.
3299 3415 3462 3480 453:
3509 3398 3547 3476 ἡ
3594 3399 3659 3461 δὲ
3705 3399 4054 3479 φιλοσόφου
4107 3397 4335 3476 σπουδὴ
4381 3399 4527 3462 κατὰ

2836 3500 2941 3564 τὸν
2984 3499 3286 3563 Πλάτωνα
3326 3501 3393 3563 ἐν
3422 3501 3616 3582 τρισὶν
3657 3501 3849 3564 ἔοικεν
3880 3498 4051 3573 εἶναι,
4084 3500 4152 3564 ἔν
4181 3525 4249 3564 τε
4288 3499 4395 3585 θέᾳ
4432 3500 4527 3564 καὶ

2832 3607 2902 3683 τῇ
2932 3609 3050 3667 τῶν
3088 3605 3280 3666 ὄντων
3317 3604 3559 3684 γνώσει,
3596 3603 3689 3667 καὶ
3728 3604 3794 3666 ἐν
3831 3606 3901 3683 τῇ
3938 3600 4148 3684 πράξει
4181 3609 4300 3667 τῶν
4331 3608 4525 3667 καλῶν

2832 3707 2928 3771 καὶ
2971 3708 3039 3770 ἐν
3067 3705 3213 3785 αὐτῇ
3255 3708 3325 3785 τῇ
3367 3709 3473 3769 τοῦ
3509 3707 3698 3787 λόγου
3743 3706 3974 3790 θεωρίᾳ·
4039 3704 4122 3768 cf.
4163 3705 4432 3770 eundem
4461 3729 4514 3770 c.

2837 3809 2999 3873 VII.
3044 3806 3416 3873 Aristoteles
3455 3807 3639 3873 etiam
3693 3809 3946 3890 θεωρίαν
3983 3822 4280 3895 tanquam
4312 3830 4528 3897 specu·

2834 3913 3151 3989 lationem,
3180 3933 3368 3998 quam
3419 3933 3534 3975 nos
3572 3910 3757 3975 hodie
3784 3909 4050 3975 dicimus
4078 3927 4142 3975 et
4174 3911 4364 3976 vitam
4396 3935 4527 4000 spe-

2835 4013 3169 4079 culativam
3223 4014 3638 4097 (θεωρητικήν)
3687 4012 4018 4101 distinguit
4061 4037 4101 4078 a
4150 4015 4375 4098 πράξει,
4419 4037 4525 4080 ac·

2837 4121 3023 4197 tione,
3054 4118 3307 4204 vitaque
3351 4116 3576 4181 activa.
3669 4116 3891 4204 Legito
3935 4116 4123 4181 modo
4170 4117 4418 4182 Ethioc.
4448 4117 4529 4182 ad

2840 4222 3083 4286 Nicom.
3129 4222 3225 4285 X.
3271 4236 3333 4303 7.
3365 4222 3422 4285 8.
3480 4242 3540 4305 p.
3587 4219 3728 4305 183.
3775 4243 3914 4306 sqq.
3966 4218 4140 4307 Sylb.
4235 4219 4531 4286 Similiter

2840 4323 3141 4388 Eudorus
3172 4322 3589 4387 Academicus
3632 4321 3698 4385 in
3744 4319 3978 4386 Stobaei
4010 4320 4269 4409 Eclogg.
4310 4322 4529 4410 Physs.

2838 4439 2902 4489 et
2945 4424 3098 4488 Eth.
3149 4426 3249 4489 II.
3278 4447 3340 4512 p.
3370 4425 3478 4506 48.
3544 4425 3817 4487 Heeren.
3864 4422 3998 4487 haec
4042 4436 4219 4487 terna
4260 4421 4421 4488 inter
4467 4447 4532 4489 se

2838 4526 3084 4591 diversa
3131 4527 3349 4615 ponit:
3395 4527 3505 4606 τὴν
3557 4528 3828 4609 θεωρίαν,
3879 4525 4007 4591 sive
4060 4525 4525 4613 inspectionem,

2837 4629 2946 4709 τὴν
2982 4630 3187 4712 ὁρμὴν,
3223 4628 3645 4719 appetentiam
3689 4645 3753 4693 et
3786 4626 3894 4707 τὴν
3934 4631 4164 4709 πρᾶξιν,
4197 4628 4519 4694 actionem.

2838 4735 3059 4820 Atque
3082 4731 3215 4797 haec
3236 4732 3551 4797 distinctio
3572 4734 3817 4813 θεωρίας
3840 4745 3906 4795 et
3932 4729 4197 4813 πράξεως
4214 4730 4298 4795 ad
4325 4747 4527 4820 poste-

2837 4835 3029 4901 riores
3056 4859 3309 4923 quoque
3341 4833 3746 4922 philosophos
3778 4831 4105 4920 pertinuit,
4136 4847 4211 4897 ut
4244 4831 4325 4897 ad
4370 4833 4524 4900 Phi-

2841 4936 3040 5003 lonem
3083 4937 3412 5002 Judaeum.
3461 4934 3606 5001 Vid.
3640 4936 3802 5022 Leg.
3836 4933 4154 5022 Allegorr.
4191 4937 4248 4999 I.
4278 4959 4344 5025 p.
4384 4957 4526 5023 152.

2839 5041 3047 5107 Pfeiff.
3141 5041 3319 5106 Idem
3353 5053 3561 5105 tamen
3602 5039 3707 5102 ille
3756 5036 4079 5125 Stagirites
4121 5037 4187 5102 in
4231 5036 4403 5105 libris
4444 5041 4526 5108 de

2841 5144 3068 5208 Anima
3106 5146 3211 5209 11.
3268 5166 3322 5209 1.
3371 5167 3436 5232 p.
3473 5163 3578 5210 22.
3631 5140 3806 5229 Sylb.
3857 5139 4132 5229 sejungit
4179 5143 4523 5225 ἐπιστήμην,

2840 5247 3177 5327 scientiam,
3208 5272 3248 5313 a
3284 5249 3515 5334 θεωρίᾳ,
3547 5244 3985 5334 speculatione.
4074 5245 4179 5309 Ita
4216 5245 4378 5310 enim
4424 5246 4528 5313 ille

2839 5350 2920 5416 de
2948 5350 3218 5416 Anima:
3269 5351 3399 5415 ἔστι
3426 5353 3491 5415 δὲ
3519 5352 3556 5431 ἡ
3582 5351 3695 5429 μὲν
3714 5351 3829 5428 ὕλη
3858 5350 4114 5428 δύναμις·
4161 5347 4230 5412 τὸ
4259 5351 4324 5413 δὲ
4354 5349 4527 5426 εἶδος,

2843 5454 3208 5538 ἐντελέχεια·
3256 5455 3352 5518 καὶ
3394 5457 3565 5517 τοῦτο
3608 5457 3802 5535 διχῶς·
3850 5450 3917 5515 τὸ
3954 5453 4067 5531 μὲν
4105 5452 4182 5519 ὣς
4217 5452 4526 5535 ἐπιστήμη,

2843 5558 2910 5623 τὸ
2941 5560 3007 5623 δὲ
3041 5559 3118 5626 ὥς
3156 5556 3225 5622 τὸ
3261 5561 3523 5638 θεωρεῖν.
3618 5553 3742 5619 Sed
3785 5568 3952 5620 totus
3992 5552 4166 5619 locus
4207 5554 4533 5642 inspicien-
