5118 6613
1077 486 1195 551 128

1073 680 1195 721 non
1227 656 1417 723 fuisse
1439 656 1859 736 Platonicum,
1882 679 2087 745 neque
2115 656 2376 745 proinde
2403 656 2593 722 solem
2625 655 2767 722 stel-

1070 760 1287 848 lasque
1314 761 1728 825 animatorum
1769 759 2052 848 adeoque
2089 760 2349 826 deorum
2392 760 2455 826 in
2504 782 2766 825 numero

1073 863 1381 928 habuisse.
1436 865 1599 928 Mox
1631 870 2092 948 συνεπηχοῦσιν,
2124 866 2444 942 act-inunt,
2470 865 2566 928 sie
2592 865 2768 927 etim-

1072 990 1215 1031 men
1243 968 1359 1033 bei.
1448 967 1722 1055 Taylor:
1772 968 2109 1054 vocasti-ate
2148 969 2247 1033 the
2290 988 2462 1031 same
2507 967 2762 1055 things:

1073 1070 1324 1159 proprie
1369 1071 1450 1135 de
1491 1071 1702 1150 choro,
1750 1071 1861 1157 qui
1908 1071 2211 1159 praee'unti
2255 1093 2499 1136 carmen
2544 1070 2768 1135 accinit

1074 1174 1361 1238 universa
1390 1198 1557 1239 voce.
1650 1174 1794 1239 Vid.
1830 1175 1989 1239 Lex.
2022 1174 2324 1262 Xenoph.
2361 1174 2474 1238 IV.
2522 1196 2587 1261 p.
2622 1193 2761 1258 179.

1082 1276 1401 1342 Plutarch.
1447 1276 1530 1342 de
1571 1275 1799 1342 Audit.
1850 1301 1912 1364 p.
1947 1297 2052 1359 44.
2089 1278 2164 1342 A.
2244 1275 2769 1341 Pseudo-Aristo-

1074 1378 1226 1444 teles
1253 1378 1334 1444 de
1365 1379 1619 1445 Mundo
1647 1381 1712 1458 6,
1740 1399 1839 1466 15.
1865 1403 1927 1467 p.
1956 1385 2100 1461 246.
2134 1403 2224 1467 sq.
2260 1380 2473 1467 Kapp.
2499 1403 2515 1443 ε
2565 1378 2766 1444 Καθά-

1073 1509 1187 1566 περ
1226 1486 1290 1548 δὲ
1332 1486 1400 1548 ἐν
1428 1488 1589 1570 χορῷ
1634 1485 1957 1566 κορυφαίου
2002 1483 2412 1565 κατάρξαντος,
2443 1487 2775 1564 συνεπηχεῖ

1075 1591 1189 1654 πᾶς
1217 1589 1250 1650 ὁ
1279 1586 1460 1671 χορὸς
1501 1589 1730 1669 ἀνδρῶν
1776 1586 1900 1651 ἔσθ’
1933 1588 2035 1650 ὅτε
2083 1586 2179 1650 καὶ
2222 1589 2516 1667 γυναικῶν
2546 1586 2614 1648 ἐν
2642 1589 2765 1649 δια-

1075 1691 1284 1772 φόροις
1310 1696 1537 1773 φωναῖς
1564 1689 1862 1772 ὀξυτέραις
1907 1690 2001 1754 καὶ
2036 1687 2389 1771 βαρυτέραις
2414 1690 2557 1766 μίαν
2586 1690 2766 1770 ἅρμο-

1076 1795 1212 1857 νίαν
1258 1796 1482 1873 ἐμμελῆ
1535 1795 1959 1875 κεραννύντων.
2010 1791 2121 1855 ubi
2168 1789 2297 1855 vid.
2351 1790 2566 1876 Kapp.
2641 1788 2771 1854 Dio

1077 1894 1329 1959 Cassius
1376 1896 1742 1960 XXXIX.
1797 1916 1894 1980 19.
1955 1919 2020 1982 p.
2082 1914 2216 1980 199.
2267 1892 2580 1957 Reimar.:
2662 1896 2771 1958 κάκ

1075 1999 1285 2062 τούτου
1312 2004 1431 2062 τῶν
1457 2001 1570 2079 μὲν
1602 2001 1996 2082 ἐξαρχόντων,
2022 2004 2141 2062 τῶν
2171 2000 2236 2062 δὲ
2276 1997 2770 2080 συνεπηχούντων

1076 2102 1312 2182 σφισίν.
1364 2101 1466 2166 Cf.
1500 2099 1770 2166 eundem
1798 2124 1865 2189 p.
1891 2102 2036 2187 834.
2067 2117 2251 2187 1095.

1160 2226 1225 2291 p.
1254 2219 1406 2290 377,
1445 2221 1538 2291 15.
1585 2204 1732 2287 πρὸς
1756 2204 1825 2269 τὸ
1856 2203 2085 2290 ἑκάστῳ
2116 2203 2502 2292 καταθύμιον]
2536 2202 2764 2291 Odyss.

1079 2307 1171 2371 X.
1205 2326 1353 2393 392.
1418 2306 1605 2372 Iliad.
1650 2305 1721 2372 κ’.
1747 2308 1899 2393 383.
1941 2306 2050 2371 ubi
2101 2305 2387 2395 Apollon.
2425 2305 2587 2369 Lex.
2626 2307 2765 2368 Ho-

1075 2432 1226 2474 mer.
1262 2433 1325 2497 p.
1353 2410 1503 2497 388.
1533 2409 1635 2475 ed.
1665 2408 1832 2474 Toll.
1865 2408 2137 2497 explicat
2166 2412 2315 2473 κατὰ
2343 2406 2569 2492 ψυχήν.
2640 2409 2770 2471 Zo-

1075 2535 1257 2578 naras
1287 2514 1452 2578 Lex.
1497 2537 1564 2600 p.
1604 2515 1825 2578 1160.:
1875 2516 2024 2578 κατὰ
2068 2516 2230 2577 νοῦν.
2286 2510 2656 2575 Herodotus
2687 2512 2763 2575 V.

1074 2634 1180 2700 39.
1216 2616 1350 2680 IX.
1373 2634 1478 2700 45.
1531 2617 1637 2680 Ex
1666 2614 1871 2703 priore
1900 2614 2035 2680 loco
2068 2613 2407 2680 Pausanias
2437 2615 2579 2679 111.
2612 2633 2675 2699 3.
2704 2633 2767 2695 7.

1078 2716 1387 2782 Herodoti
1429 2732 1714 2795 sectator,
1758 2740 1940 2781 suum
1992 2717 2251 2800 ἀρεστὴν
2295 2715 2557 2792 effinxit,
2586 2715 2768 2780 nimi·

1078 2841 1217 2882 rum
1265 2842 1344 2883 ex
1393 2818 1759 2884 Herodoteo
1810 2821 2150 2900 καταθυμίη,
2196 2819 2503 2906 siquidem
2551 2841 2769 2883 verum

1078 2918 1236 2985 vidit
1296 2920 1655 3008 Berglerus,
1701 2923 1884 3010 cujus
1938 2922 2356 3009 conjecturam
2406 2922 2771 3010 comprobat

1081 3022 1454 3111 Wesseling.
1485 3023 1565 3088 ad
1595 3023 1768 3089 illum
1811 3024 2013 3089 locum
2058 3047 2120 3112 p.
2153 3044 2305 3110 390.
2395 3027 2604 3091 Nemo
2645 3047 2769 3089 non

1077 3124 1272 3204 videt,
1302 3126 1364 3190 in
1395 3142 1676 3191 nostrum
1705 3125 1908 3192 locum
1944 3127 2101 3192 hanc
2140 3127 2646 3214 significationem
2674 3151 2773 3193 ca-

1078 3228 1248 3309 dere,
1279 3242 1353 3294 ut
1382 3229 1461 3295 sit
1489 3230 1653 3320 quod
1676 3240 1770 3296 est
1795 3251 1876 3294 ezr
1903 3232 2105 3294 animi
2131 3233 2457 3296 sententia.

1164 3357 1232 3422 p.
1275 3336 1427 3421 378,
1475 3355 1537 3420 9.
1610 3336 1758 3418 πρός
1809 3360 1974 3401 τινας
2030 3339 2148 3398 τῶν
2204 3334 2766 3423 φιλων-μένουσι]

1080 3438 1512 3504 Memorabilis
1537 3438 1725 3504 locus.
1802 3436 1987 3517 Quod
2020 3436 2262 3524 Taylor
2289 3435 2371 3501 ad
2399 3435 2466 3501 h.
2492 3436 2537 3500 l.
2569 3436 2766 3523 suspi-

1074 3555 1256 3607 catur
1285 3542 1456 3629 tangi
1489 3542 1822 3629 Origenem
1880 3539 2150 3606 ecclesioe
2192 3554 2457 3628 patrem,
2505 3539 2617 3627 qui
2659 3562 2767 3604 an-

1078 3660 1179 3709 tea
1225 3669 1390 3710 unus
1434 3670 1470 3710 e
1513 3644 1834 3734 discipulis
1879 3643 2112 3709 Plotini
2159 3643 2372 3722 fuerit,
2421 3644 2773 3732 refragatur

1080 3763 1430 3834 temporum
1462 3748 1643 3814 ratio.
1702 3745 2187 3835 Condiscipulus
2216 3745 2451 3812 Plotini
2478 3747 2601 3812 fuit
2631 3747 2774 3813 Ori-

1076 3872 1266 3937 genes
1293 3849 1397 3915 ille
1426 3850 1870 3928 Adamantius,
1898 3873 2013 3914 uec
2044 3849 2250 3914 minus
2280 3848 2438 3914 alter
2465 3851 2771 3938 Origenes

1077 3953 1158 4016 ab
1185 3951 1293 4016 illo
1324 3952 1681 4018 Christiano
1713 3952 1987 4039 Origene
2031 3952 2226 4040 probe
2268 3952 2767 4041 distinguendus.

1076 4054 1224 4118 Vid.
1250 4078 1398 4142 quae
1425 4054 1508 4119 ad
1538 4053 1960 4142 Porphyrium
1994 4055 2073 4119 de
2096 4055 2242 4120 Vita
2270 4055 2503 4121 Plotini
2531 4081 2587 4122 c.
2607 4078 2673 4144 3.
2707 4074 2772 4124 et

1079 4156 1418 4244 praesertim
1448 4181 1583 4246 cap.
1617 4177 1716 4240 14.
1747 4180 1813 4245 p.
1843 4159 1986 4223 116.
2018 4157 2116 4221 ed.
2149 4156 2395 4223 Fabric.
2424 4160 2770 4246 posuimus.

1164 4283 1228 4348 p.
1259 4279 1412 4346 379,
1441 4280 1507 4343 4.
1552 4261 1762 4344 Ψυχὴν
1788 4263 1905 4343 γᾶρ
1937 4261 2203 4328 εἰπόντες
2231 4265 2440 4325 νεῦσαι
2462 4263 2768 4329 κάτω-ἱῐι

1078 4363 1190 4427 fin.
1220 4361 1540 4450 (ιαμ-ἐπ’
1574 4364 1807 4447 ἔσχατα
1856 4364 2142 4449 εἰδώλων]
2197 4364 2447 4428 Horum
2495 4365 2773 4432 decreto-

1078 4488 1242 4545 rum,
1287 4466 1556 4531 maxime
1598 4489 1638 4531 a
1679 4465 2125 4532 Valentinianis
2166 4468 2582 4555 proditorum,
2628 4471 2771 4536 fons

1076 4583 1172 4633 est
1211 4567 1275 4632 in
1320 4567 1469 4633 locis
1498 4569 1725 4634 Irenaei
1758 4570 1814 4634 1.
1848 4589 1904 4636 2.
1935 4591 1998 4657 3.
2023 4584 2089 4634 et
2115 4593 2180 4653 4.
2229 4571 2290 4635 1.
2321 4591 2382 4652 4.
2421 4592 2477 4637 1.
2511 4573 2771 4660 quibus-

1079 4693 1223 4736 cum
1253 4670 1402 4735 locis
1426 4670 1564 4737 haec
1597 4671 1950 4737 Plotiniana
1992 4672 2341 4761 composuit
2369 4676 2676 4741 Neander
2704 4677 2767 4742 in

1075 4773 1237 4840 libro
1283 4775 1500 4840 Genet.
1530 4777 2027 4864 Entwickelung
2053 4777 2169 4840 der
2195 4777 2571 4843 vornehmst.
2604 4779 2772 4844 Gno-

1074 4879 1343 4943 sii-ichen
1362 4879 1647 4965 Systeme
1672 4902 1739 4967 p.
1769 4899 1840 4944 21
1857 4899 1910 4943 1.
1932 4903 2021 4966 sq.
2056 4878 2225 4944 unde
2253 4880 2546 4966 primaria
2574 4880 2768 4969 subji-

1075 4980 1274 5046 ciam:
1333 4981 1542 5065 ψυχὴν
1588 4982 1742 5047 κάτω
1793 4981 1891 5046 καὶ
1935 4983 2163 5065 σοφίαν
2205 4986 2340 5047 τινὰ
2388 4982 2430 5049 i.
2459 5007 2513 5048 e.
2566 4986 2768 5066 Σοφία

1076 5083 1674 5164 Valentinianorum,
1719 5083 2065 5149 Achamoth
2115 5083 2450 5169 (Αχαμὸθ,
2493 5086 2762 5152 Chachi-

1074 5188 1314 5272 muth),
1339 5188 1528 5271 Ψυχὴ,
1556 5188 1726 5251 AEon
1758 5188 1976 5270 Σοφία.
2024 5187 2298 5266 Etenim,
2322 5187 2768 5255 Valentinianis

1073 5291 1465 5370 docentibus,
1496 5289 1853 5356 Achamoth
1884 5289 1947 5353 in
1977 5313 2043 5354 se
2069 5289 2308 5355 inclusa
2344 5290 2595 5357 tenebat
2635 5315 2767 5356 om-

1073 5393 1177 5459 nia
1224 5394 1460 5459 semina
1506 5396 1888 5475 πνευματικᾶ,
1937 5392 2106 5458 uude
2150 5392 2376 5458 deinde
2417 5392 2572 5459 inita
2620 5417 2763 5460 cum

1072 5497 1399 5563 animabus
1440 5494 1895 5585 conjunctione,
1927 5497 2141 5579 φύσεις
2180 5498 2586 5578 πνευματικαὶ,
2618 5521 2766 5585 quae

2041 483 2869 550 ANNOTATIONES
2934 483 3047 548 IN
3112 482 3560 549 PLOTINI

2849 655 3101 722 aliunde
3152 680 3275 721 non
3327 657 3695 745 penderent,
3739 671 3939 722 enatoe
3990 656 4543 736 δῖοι-ἐκείνην-

2851 759 3165 844 ἑλλάμψαι
3191 765 3272 846 τῷ
3304 759 3876 848 andro—nimirum
3907 763 4126 843 Σοφία,
4156 783 4302 847 quoe
4332 782 4544 824 rursus

2850 885 3095 927 sursum
3126 863 3471 928 ascenderit
3499 863 3560 928 in
3592 863 4024 946 πλήρωμα-εἷ
4050 862 4099 927 τ’
4130 865 4361 928 ἐκεῖθεν
4389 866 4545 928 εἴδω-

2851 974 2967 1031 λον
2997 968 3066 1030 ἐν
3092 971 3162 1047 τῇ
3192 969 3306 1047 ὕλῃ
3333 967 3651 1051 γεγονέναι
3683 965 4062 1048 (Achamoth
4111 981 4408 1053 tanquam
4451 968 4544 1030 ἑν-

2854 1070 3100 1149 θύμησις
3144 1070 3622 1154 >holm—dra
3667 1074 3773 1134 τοῦ
3815 1069 4061 1133 εἶδόλου
4110 1071 4359 1133 εἴδωλον
4386 1067 4541 1132 πλά-

2854 1198 3070 1240 σαντες
3120 1173 3528 1256 (Δημιουργὸν
3581 1189 3875 1259 tanquam
3927 1171 4259 1258 imaginem
4317 1170 4545 1236 divinae

2855 1277 3083 1357 Σοφίας
3110 1274 3543 1356 Ἐνθυμήσεως,
3574 1300 3721 1363 quae
3752 1290 3812 1340 et
3843 1275 3978 1362 ipsa
4005 1274 4213 1361 imago
4240 1288 4329 1338 est
4361 1298 4542 1362 supe-

2855 1376 3033 1441 rioris
3090 1378 4130 1460 Σοφίας)--ἑνταῦθα-ἆποστάντα
4178 1382 4280 1458 τῆς
4334 1379 4548 1460 μητρὸς

2861 1479 3178 1561 (nimirum
3211 1480 3317 1545 τὸν
3343 1482 3740 1565 Δημιουργδν,
3765 1479 3961 1545 filium
3984 1485 4086 1560 τῆς
4110 1478 4544 1562 Ἐνθυμήσεως,

2854 1582 2962 1646 sed
2992 1582 3102 1669 qui
3130 1582 3290 1649 hanc
3318 1584 3512 1671 ipsam
3545 1601 3609 1649 et
3637 1582 3970 1671 superioris
3997 1582 4217 1647 mundi
4244 1583 4544 1671 originem

2854 1686 3167 1773 ignoraret
3190 1689 3236 1767 ε)
3284 1685 3817 1767 ποιήσαντες-ἐπ’
3852 1688 4083 1770 ἔσχατα
4126 1688 4388 1751 εἰδώλων
4419 1690 4548 1768 (na-

2855 1805 3016 1855 turoe
3058 1788 3369 1867 animatae,
3416 1791 3692 1873 ψυχικαὶ,
3724 1789 3884 1854 sicut
3907 1788 4162 1876 opifex,
4194 1792 4227 1853 ὁ
4260 1796 4548 1872 Δημιουρ-

2853 1895 2978 1976 γὸς,
3011 1907 3158 1958 sunt
3188 1896 3405 1958 εἴδωλα
3431 1896 3663 1977 ψυχικᾶ
3688 1893 3728 1957 ἃ
3754 1894 3791 1973 ἡ
3818 1894 3932 1971 ὕλη
3967 1895 4341 1974 φωτισθεῖσα
4367 1897 4542 1957 ποιεῖ.

2857 1998 3094 2061 Contra
3126 1999 3188 2061 αὶ
3209 1998 3421 2079 φύσεις
3448 1996 3833 2077 πνευματικοὶ
3860 2009 4007 2059 suut
4035 1994 4313 2073 ἀληθιναὶ
4331 1998 4543 2080 ψυχαί.

2856 2099 3086 2187 Opifex
3137 2096 3297 2184 [sive
3335 2101 3368 2162 ὁ
3416 2098 3817 2187 Δημιουργός]
3865 2111 4106 2161 constat
4152 2099 4216 2177 ἐξ
4260 2100 4405 2178 ὕλης
4452 2100 4547 2163 καὶ

2856 2203 3103 2267 εἰδώλου
3133 2200 3242 2286 [ex
3272 2201 3528 2266 materia
3573 2215 3637 2266 et
3679 2200 4003 2289 imagine]
4064 2201 4287 2287 Atque
4330 2224 4409 2264 ex
4451 2200 4547 2266 his

2854 2303 3245 2392 intelligitur,
3275 2326 3390 2368 cur
3421 2303 3708 2369 Plotinus
3750 2326 3941 2391 supra
3969 2326 4104 2391 cap.
4133 2305 4194 2368 6.
4229 2302 4326 2367 his
4353 2303 4547 2369 homi-

2856 2407 3042 2472 nibus
3069 2407 3223 2472 vitio
3249 2423 3473 2485 vertat,
3505 2408 3597 2472 ὅτι
3624 2407 3896 2490 γενέσεις
3940 2407 4035 2471 καὶ
4062 2410 4292 2490 φθορὰς
4329 2433 4544 2472 παντε-

2855 2517 2977 2579 λῶς
3005 2511 3340 2595 εἰσάγουσι.

2939 2650 3026 2665 -
3057 2635 3153 2700 13.
3198 2615 3268 2679 οὗ
3294 2613 3584 2697 λέγουσιν
3614 2615 3697 2681 εἰς
3725 2613 4131 2698 ἐπισκότησιν]
4171 2611 4415 2700 Taylor
4445 2613 4551 2677 Fi-

2854 2715 3061 2780 cinum
3094 2732 3376 2781 secutus:
3428 2718 3627 2781 “For
3657 2717 3755 2781 the
3779 2737 4055 2804 purpose
4090 2717 4178 2802 of
4201 2717 4552 2804 rendering

2857 2819 3022 2883 what
3049 2819 3192 2906 they
3219 2842 3339 2908 say
3365 2820 3682 2884 obscure?⁹
3757 2819 4035 2884 Verbum
4067 2841 4258 2906 supra
4286 2841 4551 2907 usurpa-

2856 2934 2992 2986 tum
3038 2920 3308 2986 vidimus
3352 2921 3434 2987 de
3480 2921 3708 3002 anima,
3749 2945 3896 3009 quae
3946 2921 4220 2986 matefiae
4263 2921 4551 2987 immersa

2855 3025 3243 3090 obscuratur.
3335 3024 3478 3090 Vid.
3516 3026 3572 3089 1.
3610 3026 3670 3090 8.
3699 3044 3765 3107 4.
3798 3049 3862 3112 p.
3893 3044 3992 3114 74.
4026 3024 4105 3088 F.
4136 3023 4244 3089 ubi
4276 3024 4408 3089 vid.
4436 3049 4547 3089 an-

2857 3140 2987 3192 not.
3065 3129 3382 3192 Caeterum
3435 3128 3892 3193 substantivum
3946 3126 4193 3192 rarioris
4240 3151 4390 3192 usus
4434 3144 4548 3208 est,

2859 3232 3088 3294 Zonar.
3125 3231 3287 3295 Lex.
3320 3232 3437 3297 Gr.
3470 3253 3534 3318 p.
3558 3232 3704 3312 804.
3746 3230 4185 3313 Ἐπισκότησις·
4232 3231 4301 3295 τὸ
4332 3234 4547 3297 ἐπικεῖ-

2857 3336 3006 3399 σθαί
3027 3359 3162 3399 τινι.
3196 3334 3292 3398 καὶ
3319 3335 3711 3418 ἀποτειχίζειν
3738 3335 3807 3399 τὸ
3837 3342 3982 3419 φῶς.
4031 3337 4233 3413 Quem
4261 3336 4351 3402 ibi
4381 3336 4552 3402 Titt-

2855 3459 3122 3502 mannus
3178 3434 3395 3501 laudat
3443 3437 3774 3503 Demosth.
3824 3451 4022 3503 contr.
4075 3438 4244 3503 Mid.
4296 3461 4361 3527 p.
4395 3443 4547 3526 565.

2854 3538 3071 3605 Reisk.
3102 3539 3164 3604 in
3196 3563 3272 3604 eo
3300 3561 3425 3603 non
3455 3540 3915 3605 substantivum
3947 3540 4056 3605 sed
4091 3541 4348 3606 verbum
4398 3541 4547 3630 legi-

2853 3658 2978 3709 tur.
3055 3645 3364 3709 Extrema
3393 3643 3584 3708 verba
3627 3645 3727 3708 ἵνα
3769 3646 4008 3726 σφόδρα
4050 3644 4471 3727 λοιδορήσ-ηται
4515 3649 4549 3710 ὁ

2852 3751 3024 3812 τοῦτο
3053 3746 3297 3830 γράψας
3336 3745 3401 3810 in
3445 3760 3743 3811 contextu
3771 3746 3978 3811 omisit
4001 3745 4270 3834 Taylorz
4306 3747 4370 3811 in
4403 3749 4549 3813 sub-

2843 3850 3012 3937 jecta
3057 3865 3206 3914 nota
3253 3872 3488 3937 negans
3533 3872 3598 3913 se
3648 3849 3823 3928 scire,
3869 3849 4024 3936 quid
4077 3849 4192 3914 sibi
4244 3850 4363 3915 hoc
4416 3850 4551 3916 loco

2853 3953 3048 4018 velint
3075 3952 3302 4017 verba:
3354 3960 3397 3991 “
3421 3954 3506 4016 In
3534 3953 3723 4016 order
3749 3952 3885 4017 that
3910 3953 3986 4016 he
4014 3952 4146 4016 who
4173 3955 4382 4018 writes
4424 3953 4551 4018 this

2857 4079 3004 4144 may
3031 4058 3103 4122 be
3128 4078 3296 4120 more
3325 4056 3703 4143 vehemently
3729 4055 4206 4141 reprehended.”
4254 4054 4376 4120 Sed
4410 4055 4548 4120 Fic.

2856 4160 3087 4224 Active
3115 4158 3386 4247 accepit:
3433 4160 3920 4237 conviciaretur,
3951 4173 4015 4223 et
4052 4157 4134 4222 de
4173 4181 4302 4223 uno
4338 4156 4551 4246 aliquo

2857 4263 3161 4328 Gnostico
3202 4261 3503 4348 cogitasse
3532 4260 3804 4338 videtur,
3833 4260 3945 4347 qui
3988 4260 4216 4325 librum
4248 4260 4552 4327 convicio-

2855 4389 2996 4430 rum
3028 4365 3279 4453 plenum
3313 4363 3643 4451 scripserit.
3727 4367 3943 4432 Recte.
4037 4363 4278 4443 Quodsi
4306 4363 4551 4452 passive

2854 4467 3131 4555 accipere
3157 4466 3359 4546 liceat,
3380 4464 3635 4553 legerim
3663 4466 3887 4549 πράξας
3912 4489 4031 4555 pro
4049 4467 4310 4550 γράψας.
4343 4466 4549 4531 Nemo

2854 4568 3016 4634 enim
3043 4568 3234 4633 nescit
3254 4590 3646 4633 communem
3681 4569 3847 4634 hunc
3868 4570 4059 4635 fuisse
4080 4592 4350 4635 errorem
4376 4570 4549 4634 Gno-

2854 4671 3172 4749 sticorum,
3203 4685 3271 4736 ut
3319 4671 3510 4758 hujus
3555 4672 3777 4736 mundi
3813 4672 4118 4761 Opificem
4163 4671 4549 4760 despicerent

2853 4789 2917 4840 et
2946 4774 3393 4862 vituperarent.
3473 4775 3776 4840 Verterim
3807 4775 4059 4863 itaque:
4111 4784 4155 4816 “
4187 4790 4261 4841 ut
4287 4776 4402 4863 qui
4428 4775 4548 4840 hoc

2854 4877 2982 4966 egit
3013 4878 3266 4962 (mundi
3309 4875 3617 4942 condendi
3664 4878 4016 4966 negotium)
4063 4878 4356 4944 conviciis
4395 4902 4546 4967 pro·

2850 4981 3168 5047 scindatur
3201 4983 3269 5066 (a
3298 4979 3704 5065 Gnosticis).”
3764 4982 3887 5047 Sed
3918 4981 4109 5046 nolim
4139 4981 4451 5062 hariolari,
4482 4998 4547 5048 et

2850 5087 3056 5152 malim
3088 5086 3450 5176 praesidium
3481 5109 3521 5152 a
3548 5085 3721 5152 libris
3747 5102 3979 5176 petere,
4010 5087 4120 5175 qui
4151 5102 4359 5153 tamen
4404 5087 4466 5152 h.
4498 5086 4542 5153 l.

2851 5205 3104 5279 negant.

2938 5318 3002 5383 p.
3034 5293 3186 5381 381,
3223 5313 3323 5358 10.
3364 5296 3539 5375 μόλις
3580 5293 3677 5358 καὶ
3720 5293 4061 5382 ἀγαπητῶς]
4111 5292 4295 5358 Plato
4327 5293 4541 5382 Lysid.

2850 5421 2917 5486 p.
2949 5398 3093 5463 218.
3129 5398 3205 5462 C.
3255 5398 3375 5461 Καὶ
3420 5397 3491 5477 δὴ
3537 5397 3634 5461 καὶ
3679 5394 3855 5462 αὐτὸς
3904 5396 4021 5477 ἐγὼ
4070 5395 4227 5461 πάνυ
4274 5395 4542 5480 ἔχαιρον,

2851 5502 3055 5584 ὥσπερ
3101 5499 3380 5582 θηρευτής
3419 5525 3507 5567 τις
3549 5498 3708 5583 ἔχων
3753 5498 4067 5579 ἆγαπητῶς
4092 5497 4126 5561 ὃ
4157 5500 4540 5581 ἑθηρευόμην.
