5118 6613
1029 530 1160 602 334

1036 691 1185 763 ταῖς,
1234 680 1372 748 ἀλλ’
1414 682 1650 762 ἔξωθεν,
1697 682 1861 763 εἰπερ
1908 681 2064 745 εἰσὶν
2109 681 2177 745 ἐν
2221 683 2302 765 τῷ
2351 676 2635 761 πάσχειν.
2681 680 2735 742 εἰ

1040 787 1243 869 μέντοι
1273 787 1477 850 έδοθεν
1506 786 1567 848 αὶ
1594 784 1791 866 ἀρχαὶ,
1823 781 2089 862 ποιήσεις
2119 783 2214 846 καὶ
2243 783 2458 848 ταύτας
2497 779 2732 863 ῥητέον,

1047 891 1155 955 κᾶν
1185 892 1550 971 ἀφιστῶνται
1577 890 1683 950 τοῦ
1710 888 1858 950 κατὰ
1885 886 2095 967 φύσιν·
2127 883 2244 947 εἰσὶ
2274 886 2390 966 γὰρ
2419 884 2514 947 καὶ
2549 888 2736 965 φθαρ-

1046 994 1200 1058 τικαὶ
1241 991 1524 1072 ποιήσεις,
1557 990 1759 1071 ὥσπερ
1805 989 1899 1051 καὶ
1942 988 2169 1054 πείσεις
2209 988 2595 1050 τελειωτικαί.
2644 986 2740 1049 καὶ

1046 1097 1115 1160 οὐ
1144 1102 1264 1160 πᾶν
1291 1093 1359 1158 τὸ
1386 1099 1578 1157 ποιεῖν
1609 1095 1691 1159 εἰς
1717 1089 1785 1155 τὸ
1815 1091 1966 1154 εἶναι
2010 1090 2163 1171 ἄγει,
2197 1091 2360 1153 ἀλλᾶ
2403 1088 2500 1152 καὶ
2544 1089 2628 1154 εἰς
2668 1083 2738 1150 τὸ

1045 1199 1124 1278 μὴ
1164 1197 1334 1271 εἶναι,
1368 1198 1486 1260 εἴτε
1532 1198 1614 1261 εἰς
1660 1195 1835 1258 ἑαυτό
1882 1218 1938 1256 τι
1982 1194 2231 1274 ἐνεργεῖ,
2266 1194 2385 1255 εἴτε
2433 1193 2515 1258 εἰς
2561 1192 2736 1254 ἄλλο·

1047 1303 1141 1366 καὶ
1178 1304 1293 1384 γὰρ
1337 1296 1401 1363 τὸ
1439 1300 1599 1379 παρὰ
1627 1298 1813 1379 φύσιν
1843 1294 2006 1378 ἔχον,
2040 1292 2156 1359 ἀπὸ
2202 1298 2304 1373 τῆς
2346 1295 2508 1374 παρὰ
2550 1293 2739 1374 φύσιν

1045 1406 1256 1482 ταύτης
1297 1400 1615 1467 διαθέσεως
1644 1401 1878 1480 ἐνεργεῖ
1900 1422 2065 1465 τινας
2095 1398 2416 1478 ἐνεργείας,
2450 1397 2503 1459 εἰ
2534 1395 2629 1458 καὶ
2656 1394 2736 1473 μὴ

1048 1509 1321 1588 καθαρὰς,
1354 1506 1500 1568 διότι
1543 1501 1719 1566 πάθει
1765 1506 2074 1582 συμμιγεῖς
2121 1500 2295 1577 εἰσὶν,
2328 1498 2423 1561 καὶ
2466 1495 2583 1561 ἀπὸ
2628 1521 2733 1560 πε-

1045 1610 1325 1674 πονθυίας
1367 1604 1686 1672 διαθέσεως
1725 1604 2148 1685 προαγόμεναι·
2199 1601 2293 1665 καὶ
2323 1602 2420 1665 ἐπὶ
2446 1607 2565 1665 τῶν
2595 1600 2736 1679 ἔξω-

1048 1716 1154 1774 θεν
1180 1712 1245 1775 δὲ
1276 1711 1608 1780 κινούντων,
1642 1707 1787 1769 ὅταν
1833 1708 1916 1773 εἰς
1956 1704 2065 1784 τὴν
2105 1706 2292 1786 φύσιν
2323 1694 2584 1778 κινῶσιν,
2616 1703 2733 1766 ὥσ-

1046 1839 1158 1895 περ
1195 1815 1254 1877 οἱ
1290 1812 1544 1895 γεωργοὶ
1573 1811 1670 1873 καὶ
1697 1812 1755 1873 οἰ
1783 1807 2150 1886 διδάσκαλοι,
2184 1806 2383 1885 ἐπειδὴ
2410 1807 2447 1885 ἦ
2476 1804 2740 1885 ποιητικὴ

1048 1915 1201 1999 ἀρχὴ
1243 1919 1345 1995 τῆς
1386 1916 1623 1996 φύσεως
1667 1913 1763 1976 καὶ
1789 1912 1827 1991 ἡ
1853 1915 1954 1990 τῆς
1980 1909 2213 1993 τέχνης,
2246 1911 2331 1976 εἰς
2370 1906 2548 1972 ταύτὸ
2589 1934 2736 1988 συμ-

1046 2022 1344 2092 πίπτουσι,
1379 2017 1474 2081 καὶ
1513 2016 1616 2080 δύο
1652 2013 1946 2096 ἐνέργειαι
1988 2012 2363 2096 συνέχονται,
2396 2013 2459 2075 αἰ
2495 2012 2610 2090 μὲν
2637 2014 2740 2089 τῆς

1043 2121 1278 2205 τέχνης,
1310 2121 1389 2187 ὥς
1415 2118 1626 2202 τέχνης
1666 2116 1883 2197 ἔξωθεν
1913 2115 2161 2199 ἔχουσαι
2202 2115 2311 2193 τὴν
2340 2114 2549 2197 ἀρχὴν,
2581 2111 2739 2193 πάθη

1045 2226 1313 2308 γίνονται
1355 2224 1423 2285 ἐν
1450 2225 1530 2307 τῶ
1574 2223 1721 2284 κατὰ
1749 2219 1936 2301 φύσιν
1965 2217 2187 2302 ἔχοντι·
2236 2219 2299 2281 αἰ
2342 2219 2406 2281 δὲ
2452 2216 2741 2280 σωστικαὶ

1048 2331 1149 2407 τῆς
1197 2328 1434 2408 φύσεως
1475 2323 1717 2388 ἔνδοθεν
1762 2321 2011 2404 ἔχουσαι
2053 2320 2161 2399 τὴν
2200 2320 2413 2402 ἀρχὴν,
2453 2318 2739 2399 μένουσιν

1050 2433 1119 2495 ἐν
1145 2433 1225 2516 τῷ
1268 2432 1369 2507 τῆς
1414 2426 1731 2507 ἐνεργείας,
1765 2428 1922 2488 εῖδει.
1971 2424 2066 2486 καὶ
2095 2424 2243 2486 ὅταν
2270 2425 2334 2486 δὲ
2362 2423 2399 2501 ἡ
2427 2427 2534 2484 τοῦ
2578 2420 2736 2485 διδά-

1049 2557 1296 2599 σκοντος
1338 2528 1483 2609 ἀκοὴ
1528 2529 1681 2607 εἰσίῃ
1727 2530 1810 2594 εἰς
1849 2525 1956 2591 τὸν
1981 2524 2384 2606 μανθάνοντα,
2413 2525 2450 2604 ἡ
2478 2525 2592 2604 μὲν
2621 2523 2739 2587 ἀπὸ

1048 2640 1150 2716 τῆς
1177 2638 1376 2718 φωνῆς
1403 2630 1691 2713 ἐνέργεια,
1717 2627 1784 2692 τὸ
1815 2632 1911 2693 διὰ
1939 2633 2042 2706 τῆς
2071 2629 2248 2706 ἀκοῆς
2274 2625 2461 2693 πάθος
2489 2628 2741 2708 σύζυγον

1053 2740 1199 2822 ἔχει,
1237 2737 1331 2799 καὶ
1377 2735 1558 2800 οὕτως
1600 2733 1697 2796 ἐπὶ
1742 2732 1965 2795 τούτων
2007 2728 2074 2793 τὸ
2119 2734 2313 2793 ποιεῖν
2357 2732 2438 2814 τῷ
2481 2727 2742 2811 πάσχειν

1048 2838 1438 2914 συνέζευκται,
1471 2837 1661 2914 ἄλλης
1701 2836 1814 2914 μὲν
1841 2835 2022 2913 οὔσης
2063 2836 2166 2912 τῆς
2215 2835 2363 2896 κατὰ
2396 2831 2503 2910 τὴν
2532 2831 2741 2913 φωνὴν

1050 2941 1368 3024 ἐνεργείας,
1415 2940 1607 3003 ἀλλον
1652 2938 1717 3000 δὲ
1766 2939 1872 2999 τοῦ
1924 2938 2071 2999 κατὰ
2110 2933 2220 3013 τὴν
2269 2932 2451 3012 ἀκοὴν
2494 2931 2735 2999 πάθους·

1052 3047 1199 3110 ὅταν
1231 3044 1294 3107 δὲ
1324 3039 1391 3106 τὸ
1418 3040 1533 3104 ὑπὸ
1558 3043 1659 3118 τῆς
1688 3042 1889 3120 φωνῆς
1930 3036 2125 3100 παθὸν
2150 3035 2354 3116 μηκέτι
2397 3036 2629 3114 ἵστηται
2672 3036 2740 3098 ἐν

1048 3152 1129 3235 τῷ
1155 3145 1353 3223 πάθει,
1384 3144 1549 3208 ἀλλὰ
1575 3140 1924 3223 προβάλλει·
1957 3136 2061 3222 ἀφ’
2095 3140 2302 3218 ἑαυτῆς
2344 3139 2540 3216 ἀλλην
2572 3136 2735 3218 ἐνέρ-

1048 3274 1221 3334 γειαν
1247 3252 1349 3327 τῆς
1375 3244 1768 3328 ἀντιλήψεως,
1799 3245 1935 3306 τότε
1975 3243 2132 3323 άλλη
2176 3240 2328 3325 ἀρχὴ
2372 3241 2602 3323 γίνεται
2640 3243 2741 3320 τῆς

1051 3356 1115 3433 ἐξ
1148 3355 1358 3417 ἑαυτοῦ
1386 3349 1704 3431 ἐνεργείας,
1734 3347 1771 3426 ἡ
1799 3347 2076 3429 γνώρισις
2102 3348 2206 3408 τοῦ
2232 3342 2543 3424 μαθέντος.
2592 3345 2646 3407 εἰ
2674 3344 2739 3406 δὲ

1046 3460 1084 3522 ὁ
1129 3454 1444 3534 δεξάμενος
1487 3452 1595 3531 τὴν
1634 3448 1929 3531 προτέραν
1979 3446 2286 3529 ἐνέργειαν
2333 3448 2482 3509 κατὰ
2528 3444 2735 3519 πάθος,

1049 3561 1244 3639 ἀλλην
1270 3561 1524 3620 ποιεῖται
1555 3554 1621 3617 ἐκ
1650 3556 1754 3616 τοῦ
1781 3550 2003 3617 πάθους
2031 3548 2356 3632 ἐνέργειαν,
2388 3548 2458 3611 οὗ
2487 3550 2584 3612 διὰ
2611 3551 2741 3611 τσῦ-

1049 3689 1117 3728 τσ
1162 3660 1276 3745 χρὴ
1321 3655 1643 3723 συνάπτειν
1683 3653 1867 3732 αὐτὴν
1908 3652 2055 3734 πρὸς
2096 3650 2203 3730 τὴν
2243 3649 2741 3733 προηγησαμένην

1048 3769 1155 3829 τοῦ
1181 3762 1403 3828 πάθους
1431 3759 1757 3841 ἐνέργειαν,
1778 3756 1847 3819 τὸ
1879 3757 1945 3819 ἐν
1964 3754 2131 3840 μέσῳ
2152 3753 2340 3820 πάθος
2368 3754 2737 3817 ἐκλείποντα·

1050 3867 1187 3931 οὐδὲ
1216 3866 1324 3944 τὴν
1351 3862 1540 3945 ἀρχὴν
1567 3864 1668 3940 τῆς
1695 3858 1967 3940 δευτέρας
2011 3858 2314 3940 ἐνεργείας
2358 3858 2424 3919 ἐν
2453 3859 2532 3941 τῷ
2577 3853 2737 3918 διδά-

1052 3993 1255 4033 σκοντι
1303 3964 1527 4037 θετέον,
1559 3964 1658 4027 ἵνα
1700 3964 1768 4026 ἐν
1805 3962 1973 4046 ἄλλῳ
2020 3963 2182 4042 φανῇ
2226 3963 2326 4038 τῆς
2369 3958 2662 4038 ποιήσεως
2703 3958 2740 4037 ἡ

1050 4071 1226 4136 αἰτία·
1274 4067 1409 4132 ἀλλ’
1457 4068 1657 4147 ὥσπερ
1704 4064 1836 4128 ἐστὶ
1886 4065 2161 4145 σύζυγον,
2207 4066 2312 4126 τοῦ
2358 4064 2490 4142 μὲν,
2545 4064 2614 4126 ἐν
2659 4065 2739 4148 τῷ

1046 4169 1407 4254 μανθάνοντι
1450 4171 1546 4233 διὰ
1587 4171 1690 4247 τῆς
1733 4170 1932 4249 φωνῆς
1978 4168 2045 4229 ἐν
2086 4169 2156 4245 τῇ
2202 4167 2348 4245 ἀκοῇ
2392 4165 2638 4239 πάθους,
2672 4167 2741 4229 ἐν

1049 4277 1219 4360 ἄλλῳ
1247 4273 1283 4352 ἡ
1312 4271 1469 4335 αἰτία
1496 4273 1575 4356 τῶ
1604 4268 1957 4334 διδάσκοντι·
2003 4272 2104 4347 τῆς
2128 4267 2333 4348 μέντοι
2363 4268 2743 4350 ἀντιλήψεως

1051 4378 1160 4458 τὴν
1204 4376 1429 4440 οἰκείαν
1473 4373 1681 4455 ἀρχὴν,
1731 4373 1799 4436 ἐν
1846 4376 1916 4451 τῇ
1963 4376 2068 4435 τοῦ
2114 4370 2521 4451 μανθάνοντος
2570 4374 2742 4454 ψυχῇ

1049 4477 1392 4550 ὑποθετέον,
1416 4474 1798 4558 ἐγειρομένην
1826 4474 1942 4538 ἀπὸ
1976 4480 2092 4538 τῶν
2121 4476 2190 4538 ἐν
2216 4477 2287 4554 τῇ
2316 4478 2485 4557 ψυχῇ
2515 4475 2738 4555 λόγων,

1051 4585 1151 4648 ἵνα
1193 4581 1288 4645 καὶ
1322 4582 1553 4660 ἀληθῶς
1599 4580 1820 4660 ἐπιγνῶ
1867 4577 1936 4640 τὸ
1981 4578 2179 4658 ῥηθὲν,
2209 4576 2304 4640 καὶ
2330 4578 2555 4643 οἰκείως
2599 4576 2741 4641 αὐτὸ

1051 4682 1461 4766 παραδέξηται,
1495 4681 1590 4744 καὶ
1615 4680 1695 4760 μὴ
1727 4682 1793 4743 ἐν
1820 4688 1970 4758 μόνῃ
1997 4680 2168 4758 μείνῃ
2197 4682 2266 4758 τῇ
2293 4683 2492 4761 πληγῇ
2533 4680 2629 4743 καὶ
2670 4682 2740 4758 τῇ

1050 4789 1310 4853 ἀκούσει·
1357 4784 1453 4847 καὶ
1490 4784 1670 4850 οὕτως
1705 4783 1743 4862 ἡ
1781 4786 1881 4860 τῆς
1925 4782 2225 4864 ἐνεργείας
2269 4780 2423 4863 ἀρχὴ
2470 4783 2538 4845 ἐν
2585 4782 2738 4868 αὐτῷ

1047 4916 1163 4955 τινι
1193 4888 1380 4961 ἔσται,
1414 4887 1509 4950 καὶ
1535 4884 1640 4949 οὐκ
1679 4885 1746 4948 ἐν
1774 4885 1963 4969 ἄλλῳ·
2013 4883 2129 4947 ἀπὸ
2172 4884 2235 4946 δὲ
2282 4887 2383 4961 τῆς
2423 4883 2599 4962 αὐτῆς
2638 4885 2734 4947 ἐν-

1051 4996 1214 5060 νοίας
1243 4991 1338 5054 καὶ
1364 4993 1548 5052 ταῦτα
1574 4989 1608 5050 ὁ
1639 4991 1947 5052 Πλωτῖνος
1975 4984 2185 5067 ἐπάγει
2212 4986 2328 5066 ἆρα
2356 4987 2506 5049 ὅπου
2533 4986 2614 5065 μὴ
2639 4987 2734 5049 ἐν-

1051 5096 1271 5179 έργεια,
1294 5097 1488 5157 πεῖσις
1515 5091 1580 5153 δὲ
1604 5090 1809 5169 μόνον,
1832 5092 2015 5152 ταῦτα
2045 5087 2214 5151 ἔσται
2244 5088 2311 5150 ἐν
2331 5090 2412 5172 τῷ
2439 5086 2735 5170 πάσχειν;

1050 5203 1113 5265 τί
1136 5202 1242 5264 οὖν
1272 5198 1325 5261 εἶ
1355 5194 1603 5259 κάλλιον
1637 5192 1863 5274 γίνοιτο
1907 5190 1974 5254 τὸ
2017 5188 2278 5273 πάσχον,
2310 5189 2347 5268 ἦ
2377 5191 2441 5252 δὲ
2472 5189 2742 5272 ἐνέργεια

1050 5302 1119 5366 τὸ
1161 5304 1367 5384 χεῖρον
1405 5295 1573 5380 ἔχοις
1618 5291 1656 5373 ἢ
1686 5295 1739 5357 εἰ
1770 5296 1918 5357 κατὰ
1965 5296 2172 5356 κακίαν
2215 5293 2484 5373 ἐνεργοίη
2517 5319 2605 5360 τις
2647 5294 2742 5357 καὶ

1053 5405 1226 5486 άρχοι
1255 5403 1338 5467 εἰς
1367 5400 1561 5463 ἄλλον
1588 5395 1952 5470 ἀκολάστως,
1983 5397 2178 5476 μόνως
2219 5395 2289 5474 δὴ
2331 5399 2514 5460 ταῦτα
2558 5398 2625 5460 ἐν
2660 5401 2740 5484 τῷ

1049 5505 1310 5587 πάσχειν
1339 5501 1638 5584 θήσομεν;
1687 5499 1784 5563 καὶ
1827 5501 2049 5581 εἴρηται
2089 5499 2203 5578 μὲν
2238 5501 2440 5577 ταῦτα,
2479 5499 2597 5564 ἀπὸ
2639 5504 2741 5580 τῆς

1993 503 2846 572 ANNOTATIONES
2898 502 3009 570 IN
3063 450 3500 570 PLd'rlNI

2823 678 3054 748 ἐννοίας
3099 682 3204 744 τοῦ
3246 677 3508 761 πάσχειν
3551 675 3646 740 καὶ
3689 679 3903 739 ποιεῖν.
3952 672 4250 738 σωστικὸν
4292 676 4406 754 μὲν
4442 674 4513 739 τὸ

2822 787 3035 856 ποιεῖν,
3068 780 3390 863 φθαρτικὸν
3419 781 3484 844 δὲ
3526 777 3596 842 τὸ
3639 776 3901 862 πάσχειν
3943 778 4258 859 λεγούσης.
4308 778 4404 842 καὶ
4446 776 4515 842 τὸ

2821 887 2935 965 μὲν
2966 884 3232 957 κάλλιον,
3266 881 3332 947 τὸ
3361 884 3425 947 δὲ
3463 887 3686 965 χεῖρον.
3732 880 3988 964 μάχεται
4015 881 4081 943 δὲ
4109 883 4180 960 τῇ
4211 882 4512 967 συνηθείᾳ,

2819 988 3120 1071 ἐνεργείας
3163 987 3259 1050 καὶ
3291 984 3559 1064 ποιήσεις
3586 986 3843 1065 φαύλας,
3878 984 3973 1047 καὶ
4007 985 4169 1065 παρὰ
4195 985 4382 1066 φύσιν
4407 993 4513 1049 λε-

2818 1091 3026 1173 γούσῃ·
3075 1090 3171 1153 καὶ
3215 1088 3288 1152 αὖ
3327 1087 3517 1153 πάλιν
3553 1086 3712 1168 πάθη
3754 1090 4095 1152 τελειωτικᾶ
4140 1090 4289 1152 κατὰ
4332 1089 4518 1170 φύσιν

2821 1190 3189 1275 λογιζομένη.
3232 1191 3270 1271 ἡ
3299 1193 3415 1272 γὰρ
3458 1192 3661 1257 ἅπλῶς
3699 1191 3953 1270 ποίησις,
3985 1191 4097 1273 οὐχ
4143 1190 4211 1254 ἐν
4238 1215 4296 1254 τι
4338 1189 4516 1272 γένος

2824 1297 2989 1359 ἐστιν
3021 1297 3352 1375 ἐνεργειῶν,
3386 1291 3522 1357 ἀλλ’
3555 1294 3696 1357 ὅσαι
3739 1291 3886 1356 ποτέ
3931 1294 4049 1357 εἰσι
4092 1295 4372 1375 διαφοραὶ
4396 1299 4515 1357 τῶν

2822 1397 3121 1478 ποιήσεων
3166 1394 3286 1460 κατ’
3319 1399 3441 1476 εἴδη
3485 1394 3878 1477 διωρισμέναι,
3909 1399 4097 1459 πᾶσαι
4139 1393 4517 1479 περιέχονται

2821 1498 2921 1584 ὑφ’
2954 1501 3022 1564 ἓν
3047 1498 3115 1563 τὸ
3140 1504 3354 1563 ποιεῖν.
3401 1499 3677 1565 ὡσαύτως
3713 1499 3778 1562 δὲ
3814 1493 3928 1562 ὑπὸ
3965 1494 4032 1562 τὸ
4070 1497 4350 1583 πάσχειν,
4383 1498 4514 1563 ἔστι

2820 1604 2934 1683 μὲν
2969 1603 3363 1683 τελεσιουργᾶ
3404 1599 3581 1681 πάθη,
3622 1600 3752 1665 ἔστι
3797 1603 3862 1665 δὲ
3913 1602 4008 1665 καὶ
4053 1602 4255 1681 ἀτελῆ·
4303 1602 4399 1666 καὶ
4439 1605 4514 1666 τὰ

2823 1706 2936 1785 μὲν
2964 1706 3138 1778 καλὰ,
3170 1706 3245 1768 τὸ
3273 1707 3338 1768 δὲ
3368 1703 3610 1787 αἰσχρά.
3656 1704 3751 1768 καὶ
3784 1707 3854 1768 τὰ
3890 1704 4021 1783 μὶν,
4054 1707 4203 1769 κατὰ
4230 1706 4417 1787 φύσιν
4445 1707 4514 1769 ἐν

2829 1807 3099 1893 ἑκατέρω,
3131 1810 3207 1871 τὰ
3235 1809 3322 1883 δὲ,
3353 1811 3514 1888 παρὰ
3542 1808 3746 1889 φύσιν·
3794 1808 3849 1871 εἰ
3876 1805 3942 1871 δέ
3968 1832 4055 1874 τις
4082 1809 4158 1871 τά
4196 1807 4369 1889 ἔτερα
4403 1809 4510 1888 μό-

2827 1936 2934 1976 νον
2962 1917 3079 1976 τῶν
3105 1909 3520 1991 ἀντικειμένων
3550 1905 3641 1974 ἐπ’
3659 1910 3850 1974 αὐτῶν
3875 1909 4198 1990 λαμβάνει,
4220 1911 4390 1976 οὗτος
4419 1910 4516 1974 ἐπὶ

2823 2014 3023 2097 βραχὺ
3066 2012 3390 2078 συστέλλει
3434 2016 3510 2078 τὸ,
3551 2010 3698 2096 γένη
3736 2017 3941 2091 ταῦτα,
3973 2015 4175 2096 ὥσπερ
4219 2013 4296 2079 ἂν
4335 2017 4392 2079 εἴ
4429 2039 4516 2081 τις

2824 2119 2974 2197 ὅλην
2994 2117 3102 2196 τὴν
3129 2117 3412 2194 ποιότητα
3432 2117 3539 2196 τὴν
3570 2119 3718 2180 κατὰ
3746 2118 3933 2199 φύσιν
3961 2116 4085 2195 ἕξιν
4104 2114 4276 2200 λέγοι
4300 2118 4509 2197 μόνην,

2821 2214 2859 2299 ἢ
2900 2220 3089 2299 μόνην
3131 2220 3239 2298 τὴν
3280 2222 3440 2300 παρὰ
3482 2221 3688 2300 φύσιν.
3733 2217 3869 2283 ἀλλ’
3902 2221 4038 2285 οὐδὲ
4082 2225 4203 2286 πᾶν
4246 2230 4395 2304 φησι
4440 2220 4510 2284 τὸ

2825 2328 3018 2386 ποιεῖν
3047 2319 3183 2403 παρ’
3216 2324 3443 2399 ἑαυτοῦ,
3475 2324 3636 2385 ἀλλὰ
3664 2323 3759 2385 καὶ
3784 2321 3918 2404 παρ’
3951 2320 4170 2405 ἐτέρου.
4216 2322 4351 2406 παρ’
4383 2327 4514 2388 ἑαυ-

2823 2429 2931 2489 τοῦ
2953 2427 3085 2505 μὲν,
3116 2421 3182 2488 τὸ
3212 2427 3531 2498 ἀπόλυτον,
3569 2426 3648 2492 ὥς
3674 2422 3741 2489 τὸ
3768 2428 4052 2505 βαδίζειν,
4086 2427 4183 2490 καὶ
4210 2424 4278 2490 τὸ
4308 2426 4505 2508 ὀρθὸν,

2825 2530 2903 2595 ὥς
2931 2527 2998 2592 τὸ
3025 2530 3283 2604 τύπτειν,
3307 2526 3441 2609 παρ’
3467 2524 3669 2608 ἐτέρου
3691 2529 3778 2605 δὲ,
3804 2529 3881 2596 ὡς
3906 2525 3972 2592 τὸ
3997 2525 4334 2611 ὀρέγεσθαι·
4366 2532 4512 2594 ὅταν

2824 2634 2940 2714 γὰρ
2968 2627 3035 2694 τὸ
3063 2631 3306 2712 ὀρεκτόν
3334 2639 3486 2712 φησι
3515 2629 3784 2710 βιάζηται
3812 2630 3920 2710 τὴν
3949 2633 4277 2712 ἐπιθυμίαν,
4309 2636 4372 2697 τί
4394 2639 4515 2698 διαμ-

2825 2732 2997 2818 φέρει
3025 2737 3130 2797 τοῦ
3155 2737 3512 2816 πεπλῆχθαι,
3544 2730 3581 2812 ἢ
3609 2731 3906 2800 ὠσθέντος
3935 2739 4358 2818 κατενεχθῆναι
4382 2765 4397 2810 ;
4446 2739 4515 2801 ἐν

2825 2839 2890 2902 δὲ
2923 2834 3014 2922 [p.
3039 2837 3139 2899 82.
3162 2835 3258 2922 b.]
3289 2838 3516 2903 τούτοις
3552 2839 3658 2902 τὰς
3696 2832 3918 2917 ὀρέξεις
3961 2837 4265 2918 ἐνεργείας
4307 2841 4508 2914 οὔσας,

2825 2942 2931 3005 οὐκ
2960 2943 3022 3018 ἐξ
3054 2941 3295 3013 ἑαυτῶν,
3326 2940 3393 3002 ἐκ
3434 2941 3500 3002 δὲ
3543 2942 3648 3002 τοῦ
3689 2940 3932 3019 ὀρεκτοΰ
3972 2947 4160 3021 φησιν
4186 2941 4511 3022 ὡρμῆσθαι.

2827 3045 3013 3108 καίτοι
3043 3044 3107 3122 ἐξ
3137 3045 3327 3106 αὐτῶν
3356 3041 3511 3105 εἰσὶν
3540 3039 3893 3123 ὦρμημέναι.
3940 3039 4008 3106 τὸ
4037 3044 4102 3105 δὲ
4127 3043 4372 3123 ὀρεκτὸν
4400 3046 4507 3108 ἀλ-

2825 3154 2944 3214 λως
2970 3150 3329 3228 προηγεῖται,
3355 3144 3425 3209 οὐ
3451 3148 3773 3227 μοχλεῦον,
3798 3145 3933 3208 οὐδὲ
3961 3144 4152 3208 ὠθοῦν
4170 3144 4278 3224 τὴν
4297 3148 4511 3228 ὄρεξιν,

2827 3251 2988 3314 ἀλλὰ
3035 3249 3521 3331 προκαλούμενον
3566 3247 3747 3327 αὐτὴν
3797 3250 3868 3327 τῇ
3919 3247 4356 3329 ἐπιτηδειότητι·
4420 3251 4514 3315 καὶ

2824 3354 2940 3434 γὰρ
2969 3353 3192 3416 ἄτοπον
3221 3353 3495 3429 τοιαύτην
3524 3350 3674 3415 εἶναι
3703 3350 3813 3430 τὴν
3840 3352 4035 3432 ὄρεξιν
4065 3352 4161 3416 ἐπὶ
4194 3356 4298 3431 τῆς
4337 3353 4506 3418 αὖτο-

2828 3453 3058 3533 κινήτσυ
3107 3457 3328 3537 ψυχῆς,
3383 3451 3419 3531 ἢ
3471 3453 3744 3532 ἀκινήτου
3796 3457 3944 3518 κατὰ
3987 3452 4414 3536 Ἀριστοτέλην
4461 3462 4515 3523 εἰ

2823 3551 3026 3633 μέντοι
3068 3552 3308 3633 πάθημά
3353 3554 3579 3632 ἐστινὴ
3608 3554 3813 3635 ὄρεξις,
3847 3554 3926 3621 ὦς
3968 3553 4143 3621 αὐτός
4176 3563 4383 3637 φησιν,
4411 3560 4508 3622 οὔ·

2825 3657 2928 3721 δὲν
2956 3656 3198 3730 ἄτοπον,
3234 3658 3287 3719 εἰ
3317 3655 3533 3734 ἔξωθεν
3564 3655 3694 3738 ἔχοι
3721 3653 3789 3719 τὸ
3821 3659 4038 3720 κινοῦν.
4072 3658 4259 3721 καίτοι
4288 3660 4512 3726 ἄτοπον

2823 3756 2891 3823 τὸ
2937 3760 3325 3840 ἀπροαίρετον
3371 3756 3638 3839 εἰσάγειν
3681 3759 3898 3839 ὄρεξιν,
3943 3759 4037 3822 καὶ
4083 3760 4189 3824 οὐκ
4232 3763 4296 3841 ἐξ
4339 3765 4511 3845 αὐτῆς

2826 3860 3089 3945 ἔχουσαν
3115 3861 3224 3941 τὴν
3251 3860 3464 3943 ἀρχήν.
3509 3860 3665 3924 πολὺ
3691 3862 3756 3923 δὲ
3786 3862 4158 3944 ἀτοπώτερον
4184 3865 4293 3944 τὴν
4320 3870 4513 3932 τοιαύ.

2827 3989 2935 4044 την
2963 3961 3309 4027 ὑποτάττειν
3336 3987 3391 4026 τι
3419 3969 3632 4026 ποιεῖν·
3679 3967 3814 4045 περὶ
3840 3965 3953 4043 μὲν
3978 3967 4083 4028 τοῦ
4124 3973 4339 4045 ποιεῖν,
4369 3995 4511 4034 τοσ-

2828 4071 2977 4131 afim
3019 4064 3167 4147 πρὸς
3212 4064 3318 4129 τὸν
3360 4071 3677 4129 Πλωτῖνον
3721 4066 4069 4147 ἀντείρηται·
4116 4070 4252 4150 περὶ
4298 4073 4363 4135 δὲ
4409 4078 4514 4137 τσῦ

2825 4169 3104 4253 πάσχειν,
3137 4170 3355 4250 ἐφηξῆς
3381 4165 3613 4250 ῥητέον.
3663 4166 3907 4247 Ἐπειδὴ
3936 4169 4032 4232 καὶ
4060 4170 4234 4239 αὐτὸς
4262 4175 4295 4236 ὁ
4327 4179 4512 4240 Πλω·

2825 4278 2985 4341 τῖνος
3030 4272 3145 4357 ἰδίᾳ
3191 4272 3522 4351 ἀπολαβὼν
3550 4268 3693 4334 αὐτὸ
3738 4276 3964 4335 σκοπεῖ.
4013 4270 4118 4351 Μὴ
4146 4277 4262 4355 γὰρ
4292 4276 4428 4340 οὐδὲ
4455 4276 4512 4358 ᾖ,

2828 4377 2978 4459 φησὶ
3006 4374 3074 4438 τὸ
3100 4373 3237 4456 παρ’
3264 4371 3466 4455 ἑτέρου
3493 4375 3935 4457 χαρακτηρίζειν
3960 4371 4030 4437 τὸ
4055 4373 4337 4458 πάσχειν.
4385 4379 4516 4444 ἔστι

2828 4478 2942 4561 γάρ
2987 4503 3044 4542 τι
3091 4478 3186 4541 καὶ
3227 4475 3361 4558 παρ’
3409 4479 3638 4550 ἑαυτοῦ,
3690 4476 3784 4539 καὶ
3831 4476 3902 4540 οὗ
3945 4480 4067 4540 πᾶν
4111 4476 4246 4559 παρ’
4290 4479 4513 4563 ἑτέρου.

2832 4578 2998 4667 [παρ’
3030 4582 3238 4644 ἑαυτοῦ
3274 4581 3387 4658 μὲν
3430 4578 3499 4642 τὸ
3548 4578 3868 4657 σήπεσθαι,
3908 4576 4044 4660 παρ’
4085 4577 4289 4661 ἑτέρου
4336 4585 4402 4647 δὲ
4446 4585 4515 4648 τὸ

2826 4686 3182 4757 τύπτεσθαι;
3246 4683 3340 4746 καὶ
3388 4683 3569 4749 οὕτως
3619 4681 3792 4744 οὐδὲν
3837 4678 4106 4764 διαφέρει
4149 4686 4253 4746 τοῦ
4300 4691 4514 4765 ποιεῖν,

2825 4790 2990 4868 εἴπερ
3034 4785 3128 4850 καὶ
3175 4786 3366 4848 ἐκεῖνο
3411 4783 3546 4865 παρ’
3581 4786 3790 4847 ἑαυτοῦ
3828 4782 3904 4862 ἥν
3945 4784 4042 4847 καὶ
4085 4783 4223 4866 παρ’
4255 4783 4512 4878 ἐτέρου]

2824 4888 2960 4953 ἀλλ’
2994 4891 3215 4970 εἴρηται
3256 4888 3563 4968 πρότερον,
3605 4888 3696 4949 ὅτι
3737 4886 3873 4950 οὐδὲ
3919 4886 4018 4950 ἐπὶ
4059 4891 4167 4950 τοῦ
4209 4894 4403 4953 ποιεῖν
4445 4891 4513 4954 τὸ

2822 4989 2957 5073 παρ’
2990 4989 3190 5071 ἑτέρου
3218 4989 3643 5070 προστίθεσθαι
3673 4992 3780 5062 δεῖ,
3814 4989 3949 5053 οὔτε
3990 4988 4087 5052 ἐπὶ
4114 4992 4220 5053 τοῦ
4256 4990 4518 5075 πάσχειν

2824 5094 2891 5157 τὸ
2921 5091 3055 5175 παρ’
3088 5094 3319 5156 ἑαυτοῦ·
3367 5091 3461 5154 καὶ
3500 5092 3636 5173 περὶ
3676 5095 3776 5170 τῆς
3814 5089 4058 5172 σήψεως
4100 5092 4258 5160 ὅπως
4300 5094 4519 5173 ἔξωθεν

2825 5198 3073 5278 γίνεται,
3104 5197 3393 5277 πρότερον
3422 5196 3662 5274 εἴρηται.
3726 5191 3900 5256 Ἀλλ’
3934 5193 4099 5266 ὅταν,
4134 5195 4304 5276 φησὶ,
4334 5200 4519 5278 μηδὲν

2828 5297 3333 5378 συμβαλλόμενον
3359 5294 3504 5359 αὐτὸ
3535 5294 3797 5376 ὑπομένῃ
3834 5296 4165 5361 ἀλλοίωσιν
4192 5296 4300 5376 τὴν
4326 5300 4406 5379 μὴ
4437 5303 4521 5369 εἰς

2826 5401 3037 5465 οὐσίαν
3066 5400 3352 5481 ἄγουσαν,
3383 5399 3424 5477 ἤ
3451 5423 3537 5465 τις
3564 5399 3865 5479 ἐξίστησιν
3906 5396 4047 5461 αὐτὸ
4089 5398 4237 5480 πρὸς
4276 5400 4346 5464 τὸ
4388 5409 4518 5486 χεῖ-

2823 5529 2952 5588 ρον,
2981 5500 3020 5582 ἢ
3047 5501 3127 5582 μὴ
3156 5500 3304 5583 πρὸς
3342 5499 3410 5565 τὸ
3448 5500 3721 5581 βέλτιον,
3752 5500 3861 5580 τὴν
3886 5500 4163 5580 τοιαύτην
4190 5501 4523 5570 ἀλλοίωσιν
