5118 6613
1327 575 1531 641 LIB.
1565 575 1769 641 VIII.
1814 574 2274 642 ENNEAD.
2323 574 2779 654 QUINTAE.
2826 599 2893 665 p.
2929 593 3375 660 1020—1024.

614 747 930 829 συνέλιξις,
960 748 1164 832 ὥσπερ
1194 748 1263 814 ἐν
1287 774 1402 815 τινι
1433 749 1626 837 κύκλῳ
1652 751 1733 837 τῷ
1761 750 2024 818 ἀπλανὲς
2053 750 2151 815 καὶ
2179 749 2302 814 ‹lxt-

614 875 793 931 νητον
836 851 981 931 αι’πῆ
1031 849 1386 934 δωρουμένη,
1434 852 1528 917 καὶ
1578 852 1697 917 ἀπὸ
1740 859 1859 917 τῶν
1900 857 2149 917 πολλῶν
2191 858 2310 916 τῶν

614 952 833 1033 ἔξωθεν
859 954 1044 1035 αὐτὴν
1071 953 1519 1037 ἐπιστρέφουσα
1562 957 1659 1020 καὶ
1701 954 2050 1040 συνάγουσα
2077 961 2310 1038 πρῶτον

615 1058 698 1125 εἰς
741 1056 956 1136 ἑαυτὴν
1002 1055 1130 1121 εἰτα
1175 1058 1253 1125 ὡς
1299 1060 1511 1139 ἐνοηδῆ
1563 1057 1716 1146 (leg.
1761 1061 2011 1139 ἑνοειδῆ.
2103 1057 2311 1123 Possis

613 1158 800 1224 etiam
833 1161 1060 1240 ἑνοειδῆ
1095 1159 1235 1246 ἤδη)
1267 1159 1615 1244 γενομένην,
1649 1164 1870 1226 ἐνοῦσα
1911 1167 2039 1230 ταῖς
2083 1163 2312 1229 ἑνιαίως

611 1261 939 1344 ἣνωμέναις
988 1263 1291 1343 δυνάμεσι,
1349 1265 1446 1329 καὶ
1489 1267 1672 1334 οὕτως
1720 1265 1819 1330 ἐπὶ
1862 1265 1931 1328 τὸ
1982 1264 2168 1330 καλὸν
2216 1265 2310 1330 καὶ

614 1365 844 1448 ἀγαθὸν
870 1371 1330 1450 χειραγωγοῦσα
1371 1366 1439 1431 τὸ
1478 1369 1628 1450 ὑπὲρ
1666 1367 1864 1433 πάντα
1898 1370 1974 1433 τὰ
2011 1369 2180 1446 ὄντα,
2214 1367 2310 1432 καὶ

615 1469 683 1534 ἓν
713 1469 809 1534 καὶ
835 1469 1051 1534 ταύτὸν
1076 1470 1172 1535 καὶ
1200 1471 1467 1555 ἄναρχον
1496 1470 1591 1534 καὶ
1618 1471 2027 1551 ἀτελεύτητον.

698 1594 761 1658 p.
799 1588 985 1650 1021,
1016 1573 1076 1636 6.
1110 1577 1229 1638 Δεῖ
1251 1575 1804 1656 δὲ-γνωματεύειν
1834 1572 2036 1658 αὐτὸν]
2091 1572 2309 1637 Habet

612 1696 653 1739 a
679 1673 944 1739 Platone
987 1697 1103 1738 suo
1145 1673 1265 1739 hoc
1306 1675 1570 1740 verbum
1614 1675 1694 1740 de
1722 1674 1999 1763 Republ.
2031 1677 2194 1740 VII.
2238 1698 2307 1763 p.

613 1778 763 1862 516.
809 1777 916 1841 fin.
961 1800 1027 1865 p.
1059 1797 1207 1863 330.
1241 1776 1445 1843 Bekk.
1492 1800 1679 1866 quem
1725 1778 1933 1844 locum
1975 1778 2121 1844 licet
2160 1801 2304 1844 cum

608 1878 991 1944 imitatorum
1018 1878 1169 1944 locis
1195 1879 1559 1946 indicaverit
1588 1880 2011 1947 Ruhnkenius
2038 1882 2118 1947 ad
2140 1881 2305 1946 Tim.

610 1981 773 2047 Lex.
794 1981 1039 2048 Platon.
1066 2006 1132 2071 p.
1155 2002 1261 2069 72.
1293 1998 1368 2048 ut
1394 1983 1524 2049 fere
1549 1983 1720 2064 alibi,
1749 1983 1852 2050 hic
1877 2008 2133 2073 quoque
2164 1983 2311 2050 Plo-

613 2085 728 2150 tini
755 2087 1134 2152 mentionem
1182 2086 1473 2175 neglexit.
1564 2087 1752 2167 Quod
1796 2086 1858 2151 in
1904 2087 2146 2174 aliquot
2188 2110 2304 2153 no-

609 2202 879 2254 strorum
912 2189 1218 2255 Codicum
1249 2189 1529 2278 margine
1563 2189 1796 2278 legitur
1826 2190 2114 2256 Scholion
2154 2190 2308 2276 (vid.

612 2294 758 2359 Var.
784 2295 996 2377 Lect.)
1020 2292 1085 2357 id
1109 2316 1188 2358 ex
1210 2293 1650 2382 Etymologico
1669 2295 1936 2383 Magn0,
1955 2293 2055 2358 vel
2086 2293 2304 2373 suida,

611 2395 709 2461 vel
732 2398 985 2462 Zonara
1010 2394 1075 2461 in
1098 2419 1234 2461 voc.
1265 2396 1623 2462 desumtum
1647 2415 1762 2463 est.
1808 2396 2002 2462 Adde
2022 2397 2303 2485 Etymol.

613 2496 787 2565 Gud.
821 2523 883 2588 p.
915 2501 1057 2564 128.
1087 2514 1152 2565 et
1178 2499 1258 2565 ad
1289 2499 1440 2566 calc.
1472 2500 1690 2566 Orion.
1721 2505 1953 2589 p.622.
1996 2513 2060 2565 et
2106 2499 2302 2566 Scho-

609 2602 692 2667 lia
719 2603 781 2667 in
814 2602 1062 2669 Platon.
1093 2626 1159 2691 p.
1183 2619 1324 2691 179.
1357 2602 1697 2668 Ruhnken.
1766 2602 2128 2668 Philostrat.
2159 2603 2307 2669 Vita

609 2706 908 2795 Apollon.
933 2708 1032 2773 II.
1053 2727 1161 2795 30.
1190 2729 1258 2795 p.
1278 2708 1384 2793 83.
1411 2707 1651 2773 Olear.:
1682 2710 1888 2773 πολλὰ
1915 2705 1963 2771 δ’
1986 2709 2055 2770 ἐν
2083 2707 2305 2790 ὅφρυσι

606 2812 706 2875 καὶ
758 2816 1027 2892 παρειαῖς
1083 2815 1267 2876 κεῖται
1314 2812 1717 2894 γνωματεῦειν
1765 2836 1832 2876 τε
1888 2811 1987 2875 καὶ
2036 2814 2302 2893 θεωρεῖν.

610 2913 901 2979 Clemens
930 2912 1113 2978 Alex.
1137 2915 1364 2979 Strom.
1386 2913 1545 2978 v11.
1579 2937 1645 3002 p.
1672 2914 1817 2998 869.
1852 2914 2094 2977 Potter.
2120 2911 2300 2977 infr.:

607 3019 686 3103 τῷ
708 3018 910 3103 δικαίῳ
937 3016 1006 3081 τὸ
1034 3016 1328 3100 πρακτέον
1356 3018 1840 3100 γνωματεύουσα.
1930 3018 2174 3082 Proeter
2199 3039 2300 3082 ce-

607 3133 772 3185 teros
815 3119 935 3185 hoc
978 3119 1235 3205 verbum
1284 3120 1459 3185 trivit
1502 3119 1894 3185 Themistius
1933 3120 2304 3185 observante

605 3222 945 3290 Ruhnken.
971 3225 1015 3289 l.
1048 3224 1090 3290 l.
1169 3225 1249 3289 In
1281 3225 1418 3314 ejus
1446 3225 1624 3291 Orat.
1657 3224 1907 3289 XXVI.
1943 3247 2006 3313 p.
2037 3242 2191 3312 312.
2224 3225 2304 3289 B.

606 3349 725 3416 pro
752 3330 1087 3411 ἀριστεύειν
1113 3328 1413 3394 Petavius
1454 3328 1519 3393 in
1565 3328 1728 3395 Cod.
1773 3328 2095 3394 invenerat
2141 3357 2299 3397 κνια·

605 3432 824 3514 ρεύειν,
899 3431 1031 3520 ipse
1101 3432 1350 3520 conjicit
1420 3434 1843 3517 γνωματεύειν,
1908 3433 2302 3521 improbante

608 3533 1013 3599 Ruhnkenio.
1108 3534 1583 3600 Valckenaerius
1608 3533 1689 3600 ad
1717 3535 2060 3623 marginem
2088 3559 2297 3602 exem-

604 3636 690 3725 pli
721 3637 843 3702 mei
871 3636 1231 3724 adscripsit:
1268 3643 1606 3721 διακρινεῖν.
1682 3638 1822 3703 Leo
1856 3641 2186 3705 Draconus
2212 3641 2295 3704 X.

604 3763 669 3828 p.
700 3740 843 3805 108.
875 3739 955 3805 de
984 3739 1216 3805 Basilio
1253 3741 1660 3829 imperatore:
1710 3744 1996 3825 ὁσημεραὶ
2035 3747 2139 3812 τὰς
2177 3743 2295 3826 φά-

602 3855 835 3930 λαγγας
886 3845 1224 3912 συντάττων
1265 3848 1365 3912 καὶ
1415 3848 1701 3927 ἐξασκῶν,
1756 3850 1852 3914 καὶ
1903 3851 2299 3933 γνωματεύων

601 3951 716 4036 ὅτῳ
745 3951 940 4036 τρόπῳ
967 3953 1047 4037 τῷ
1078 3949 1382 4032 ἀποστάτῃ
1414 3950 1696 4016 ἐπέλθοις
1744 3953 2100 4040 explorans.
2147 3953 2294 4020 Vid.

603 4051 785 4117 Hasii
815 4068 992 4117 notas
1018 4051 1421 4140 philologicas
1447 4076 1513 4141 p.
1541 4072 1687 4140 254.
1718 4077 1793 4119 ex
1823 4056 2108 4143 Agathia
2147 4056 2293 4146 plu-

600 4176 696 4219 res
723 4152 890 4219 locos
918 4153 1197 4242 geminos
1224 4152 1556 4220 laudantiS.
1615 4156 1779 4221 Mox
1808 4172 1950 4244 post
1977 4160 2181 4223 πίστιν
2205 4158 2294 4223 vi-

599 4256 732 4322 deri
760 4256 954 4344 possit
979 4256 1244 4322 verbum
1273 4256 1590 4339 excidisse,
1619 4274 1826 4346 potest
1868 4276 2074 4325 tamen
2105 4261 2291 4327 etiam

596 4363 811 4428 referri
855 4362 937 4428 ad
978 4362 1653 4444 medinm—Proxime
1698 4389 1734 4429 e
1780 4364 1910 4429 Ciz.
1962 4364 2144 4429 dedi:
2205 4367 2293 4434 οἷς

600 4469 825 4532 ἐκεῖθεν
864 4467 994 4546 ἥκει
1038 4467 1419 4548 ἐκλάμποντα
1461 4474 1585 4537 τοῖς
1630 4468 1885 4550 νοήμασι
1920 4467 1958 4531 i.
1980 4492 2034 4534 e.
2070 4469 2287 4550 ἐκλάμ-

598 4596 786 4635 ποντα
815 4575 938 4637 τοῖς
966 4568 1257 4650 νοήμασιν
1287 4571 1327 4635 ἃ
1356 4572 1583 4637 ἐκεῖθεν
1608 4573 1758 4651 ἥκει.
1809 4570 2030 4636 Editio
2058 4587 2122 4637 et
2148 4572 2291 4638 libri

597 4671 820 4761 reliqui
850 4672 1082 4737 habent
1111 4674 1251 4741 οἷος.

676 4800 742 4865 p.
784 4795 969 4855 1022,
1002 4794 1059 4842 2.
1089 4777 1172 4844 ὥς
1199 4781 1319 4840 τῶν
1348 4775 1861 4866 κακῶν-Νόσος]
1895 4776 2168 4843 Morbus
2196 4794 2289 4844 est

591 4878 654 4943 in
697 4878 948 4944 animali
989 4877 1289 4944 vitiositas
1335 4880 1591 4964 (κακία).
1681 4879 1826 4944 vid.
1860 4879 2139 4946 Platonis
2171 4882 2283 4946 So-

591 4982 778 5071 phist.
812 5005 874 5070 p.
898 4982 1042 5048 228.
1069 4981 1134 5048 d.
1161 5005 1229 5070 p.
1256 5002 1399 5068 151.
1430 4981 1633 5048 Bekk.
1681 4985 1888 5063 Quem
1919 4983 2125 5049 locum
2154 4983 2289 5049 lau-

590 5084 699 5150 dat
726 5083 1220 5172 olympiodorus
1246 5083 1310 5149 in
1341 5084 1552 5151 Alcib.
1586 5108 1683 5173 pr.
1709 5104 1807 5150 22.
1840 5110 1905 5173 p.
1937 5106 2081 5171 191:
2117 5085 2286 5152 unde

589 5186 667 5252 ad
687 5210 923 5274 eaquae
951 5185 1176 5252 deiude
1206 5204 1577 5276 sequuntur,
1604 5188 1736 5254 haec
1765 5206 2119 5255 teneamus:
2152 5191 2286 5274 τρία

590 5294 704 5374 γὰρ
748 5290 884 5356 τινά
928 5293 1064 5355 ἐστι
1106 5294 1181 5356 τὸ
1229 5294 1480 5358 εἰωθότα
1520 5293 1970 5376 περιφέρεσθαι·
2030 5295 2168 5378 ἐγὼ,
2214 5295 2284 5359 τὸ

591 5395 754 5476 ἐμὸν,
781 5397 857 5460 τὰ
886 5398 993 5459 τοῦ
1021 5396 1182 5476 ἐμοῦ.

672 5520 738 5586 p.
768 5517 955 5584 1023,
983 5519 1049 5580 4.
1079 5496 1536 5581 τὴν-ἀγλαΐαν
1565 5499 1925 5591 ἆσμενίσας]
1961 5499 2064 5566 Cf.
2098 5500 2285 5589 Wyt-

587 5600 873 5667 tenbach.
905 5600 986 5665 ad
1022 5599 1341 5666 Plutarch.
1375 5599 1456 5666 de
1485 5601 1699 5668 virtut.
1745 5615 1808 5667 et
1850 5601 1959 5667 vit.
2002 5603 2098 5690 (p.
2137 5622 2277 5671 101.

3964 599 4087 666 311

2395 748 2510 828 D.)
2542 748 2607 813 in
2637 747 2993 814 animadvv.
3025 772 3089 837 p.
3113 751 3264 837 693,
3285 749 3396 837 qui
3423 750 3923 817 constructionis
3948 774 4094 817 cum

2395 853 2779 920 Accusativo
2807 868 2871 918 et
2898 875 3044 919 cum
3072 854 3307 919 Dativo
3333 856 3621 944 exempla
3647 855 3921 944 collegit.

2482 992 2566 1008 --
2587 959 2645 1022 6.
2679 957 2827 1025 Ζεὺς
2868 963 3005 1025 παῖς
3050 958 3307 1040 ἐξεφάνη
3348 986 3399 1023 κ.
3425 985 3480 1022 τ.
3503 969 3716 1025 λ.-οῑ
3744 983 3806 1047 p.
3839 981 3969 1047 seq.
3998 960 4091 1022 A.

2399 1062 2517 1126 Καὶ
2543 1063 2661 1144 γὰρ
2687 1061 2839 1140 ζωὴν
2869 1060 3026 1149 ἔχει]
3061 1059 3345 1148 Respicit
3364 1060 3652 1127 Plotinus
3679 1062 3904 1150 partim
3937 1083 4096 1126 eun-

2396 1162 2540 1228 dem
2574 1163 2824 1229 Phoedri
2850 1163 3058 1229 locum
3092 1164 3187 1251 (p.
3215 1166 3361 1245 246.
3392 1188 3446 1231 e.
3484 1170 3639 1252 247)
3669 1188 3858 1253 quem
3905 1187 4097 1253 supra

2395 1265 2723 1354 aliquoties
2765 1266 3183 1344 laudavimuS,
3215 1266 3441 1355 partim
3476 1268 3802 1356 Cratylum
3849 1291 3911 1356 p.
3940 1270 4093 1355 396.

2395 1393 2454 1434 a.
2485 1369 2547 1436 b.
2596 1369 2704 1435 ubi
2750 1370 2831 1436 de
2881 1372 3048 1452 Ζηνὶ,
3081 1385 3383 1457 tanquam
3428 1375 3574 1450 ζωῆς
3617 1385 3891 1449 auctore,
3921 1385 3985 1436 et
4014 1370 4094 1436 de

2396 1475 2519 1550 Διὶ,
2569 1488 2868 1563 tanquam
2915 1477 3147 1559 Κρόνου
3197 1476 3380 1550 παιδὶ,
3427 1474 3508 1540 de
3554 1498 3685 1562 quo
3732 1475 3962 1540 ibidem
4007 1474 4098 1541 ita

2395 1577 2610 1644 Plato:
2662 1581 2918 1663 εὔλογον
2947 1581 3031 1654 δὲ,
3063 1578 3329 1662 μεγάλης
3356 1578 3515 1647 τινὸς
3542 1580 3804 1647 διανοίας
3844 1579 4095 1661 ἔκγονον

2396 1681 2549 1747 εἶναι
2577 1681 2683 1746 τὸν
2713 1679 2852 1747 Διά.

2466 1820 2553 1836 —
2577 1804 2675 1871 15.
2700 1785 2813 1851 Διὸ
2842 1786 2948 1850 οὐκ
2975 1787 3161 1867 ὀρθῶς
3185 1783 3340 1867 (scil.
3366 1786 3668 1867 δοκοῦσιν)
3699 1784 3758 1848 οἳ
3781 1785 4093 1867 φθείρουσι

2399 1891 2511 1971 (sc.
2552 1888 2660 1953 τὸν
2700 1889 2923 1968 κόσμον
2960 1887 3067 1952 τὸν
3113 1887 3614 1969 αἰσθητὸν)-καὶ
3653 1892 3951 1970 γεννῶσιν
3993 1888 4092 1952 οὕ-

2392 1991 2530 2076 τως]
2584 1992 2759 2055 Inest
2801 1989 2866 2054 in
2916 1989 3014 2055 his
3058 1990 3264 2055 verbis
3312 1989 3527 2054 eadem
3579 1988 4094 2078 breviloquentiae

2392 2093 2720 2183 elegantia,
2763 2116 2953 2181 quam
2999 2116 3192 2181 supra
3232 2093 3606 2158 offendimus
3649 2094 3767 2161 lv.
3810 2116 3877 2180 5.
3919 2112 3976 2159 2.
4023 2117 4090 2181 p.

2391 2216 2545 2280 442.
2578 2199 2659 2261 B.
2690 2197 2753 2261 in
2784 2196 2916 2262 his:
2968 2199 3063 2262 καὶ
3092 2199 3151 2261 οἰ
3180 2199 3490 2281 ἐκχέοντες
3520 2199 3585 2261 δὲ
3608 2201 3713 2265 τὰς
3751 2200 3944 2281 ὄψεις,
3978 2197 4090 2262 ubi

2393 2300 2647 2366 consule
2675 2316 2889 2365 annot.
2951 2301 3080 2366 Est
3107 2315 3318 2364 autem
3347 2298 3520 2365 locus
3547 2300 3609 2365 in
3640 2323 3716 2364 eo
3743 2300 4026 2365 diversus
4054 2323 4096 2364 a

2391 2403 2632 2483 ceteriS,
2690 2426 2850 2492 quos
2905 2401 3289 2491 collegimus,
3348 2402 3521 2490 quod
3579 2425 3694 2490 pro
3752 2401 4091 2489 Participio

2394 2507 2750 2572 Pronomen
2778 2529 2922 2571 cum
2955 2507 3164 2572 Verbo
3191 2506 3371 2571 finito
3399 2506 3610 2571 habet.

2475 2634 2537 2697 p.
2569 2629 2759 2693 1024,
2790 2629 2851 2696 3.
2877 2608 2957 2675 ‘O
2987 2612 3094 2675 οὖν
3123 2610 3276 2685 θεὸς,
3309 2613 3342 2674 6
3374 2613 3456 2678 εἰς
3481 2610 3551 2674 τὸ
3578 2609 3783 2691 μένειν
3811 2611 4090 2678 ὡσαύτως

2389 2713 2729 2802 δεδεμένος]
2778 2714 3069 2778 Fortasse
3113 2712 3481 2778 vertendum
3525 2728 3692 2777 erat:
3753 2722 3827 2777 ut
3869 2712 4088 2777 eodem

2388 2839 2633 2904 semper
2662 2830 2829 2881 statu
2854 2831 3149 2881 maneret.
3210 2816 3324 2882 Ad
3353 2817 3487 2882 haec
3518 2834 3582 2882 et
3611 2817 3934 2904 sequentia
3961 2838 4086 2881 non

2387 2934 2625 3008 repet0‚
2670 2943 2818 3007 quoe
2862 2919 2926 2983 in
2974 2919 3395 2986 Meletematis
3423 2921 3481 2985 1.
3527 2944 3592 3008 p.
3622 2940 3730 3002 44.
3761 2943 3855 3007 sq.
3901 2935 3966 2984 et
4007 2919 4088 2984 ad

2391 3023 2708 3091 Ciceronis
2731 3023 2811 3089 de
2834 3025 2924 3088 N.
2945 3025 3033 3090 D.
3053 3026 3155 3089 11.
3182 3041 3283 3111 25.
3309 3048 3375 3113 p.
3393 3044 3544 3111 304.
3576 3024 3736 3090 haec:
3761 3032 3806 3063 “
3830 3024 4089 3088 Vinctus

2392 3141 2485 3193 est
2520 3140 2729 3192 autem
2760 3150 2799 3192 a
2827 3129 3011 3208 Jove,
3042 3150 3122 3193 ne
3149 3127 3589 3194 immoderatos
3630 3150 3851 3192 cursus
3893 3126 4085 3191 habe·

2391 3245 2488 3296 ret
2509 3232 2567 3295 :”
2607 3244 2726 3297 cet.
2759 3232 3063 3321 congessi.
3152 3231 3370 3297 Nostri
3399 3231 3517 3297 loci
3546 3232 3687 3295 fons
3721 3246 3816 3295 est
3845 3229 3906 3293 in
3941 3228 4087 3294 Pla·

2392 3333 2555 3402 tonis
2588 3336 2849 3426 Cratylo
2878 3360 2941 3424 p.
2965 3337 3114 3423 396.
3150 3335 3285 3401 b.c.
3317 3336 3592 3423 itemque
3635 3335 3698 3400 in
3728 3334 3977 3399 Timaeo
4018 3357 4086 3421 p.

2384 3458 2489 3521 42.
2519 3462 2589 3528 p.
2607 3442 2712 3522 46.
2746 3438 2985 3504 Bekk.:
3037 3440 3132 3504 καὶ
3161 3443 3195 3504 ὁ
3224 3441 3338 3519 μὲν
3367 3439 3437 3519 δὴ
3468 3439 3702 3503 ἅπαντα
3729 3442 3912 3503 ταῦτα
3956 3441 4079 3501 δια-

2384 3540 2564 3621 τάξας
2610 3542 2822 3623 ἔμενεν
2860 3543 2929 3607 ἐν
2964 3545 3045 3628 τῷ
3093 3544 3304 3606 ἑαυτοῦ
3348 3543 3496 3605 κατὰ
3534 3542 3755 3623 τρόπον
3781 3540 3931 3619 ἤθει.
3974 3538 4080 3618 μέ-

2386 3669 2595 3712 νοντος
2625 3646 2691 3709 δὲ
2721 3644 3043 3725 νοήσαντες
3071 3646 3129 3708 οἰ
3152 3648 3356 3712 παῖδες
3384 3644 3492 3722 τὴν
3521 3646 3626 3707 τοῦ
3652 3641 3871 3724 πατρὸς
3913 3641 4081 3722 τάξιν

2385 3748 2692 3812 ἐπείθοντο
2739 3748 2882 3828 αὐτῇ
2927 3774 2980 3810 κ.
3002 3771 3055 3811 τ.
3082 3755 3143 3811 λ.
3233 3745 3343 3811 Ad
3378 3744 3555 3810 illum
3589 3743 3953 3832 Cratyleum
3985 3745 4075 3808 lo-

2383 3871 2526 3914 cum
2557 3848 2757 3914 multa
2786 3848 3066 3936 disputat
3097 3848 3354 3914 Proclus
3382 3872 3447 3937 p.
3472 3867 3578 3935 55.
3610 3871 3742 3936 sqq.
3774 3847 3876 3911 ed.
3901 3848 4078 3913 Bois-

2383 3953 2635 4029 sonad.;
2686 3952 2854 4018 unde
2881 3976 3086 4042 pauca
3111 3952 3247 4018 haec
3276 3976 3627 4041 excerpam,
3658 3976 3804 4040 quoe
3834 3953 3915 4017 ad
3944 3951 4077 4017 haec

2385 4054 2740 4121 Plotiniana
2765 4056 3035 4121 maxime
3063 4055 3304 4122 faciunt
3331 4080 3398 4145 p.
3424 4057 3507 4122 66
3532 4081 3547 4120 ε
3585 4063 3629 4096 “
3654 4057 3878 4137 Μηδεὶς
3907 4055 3955 4121 δ’
3989 4059 4074 4121 οἰ-

2381 4159 2538 4224 έσθω
2584 4163 2680 4225 διὰ
2716 4164 2900 4225 ταῦτα
2943 4159 3376 4243 μεμερισμένας
3423 4159 3576 4225 εἶναι
3621 4162 3725 4227 τὰς
3772 4161 4075 4243 ἐνεργείας

2376 4266 2482 4331 τὰς
2524 4262 2832 4346 εἰρημένας
2876 4266 2943 4328 ἐν
2971 4269 3094 4332 τοῖς
3135 4269 3312 4339 θεοῖς,
3344 4264 3474 4328 οἷον
3519 4264 3587 4327 ἐν
3614 4266 3696 4349 τῷ
3742 4262 3850 4328 Διὶ
3885 4267 4074 4343 μόνην

2377 4366 2485 4447 τὴν
2525 4369 2832 4451 πρόνοιαν,
2881 4370 2949 4433 ἐν
2992 4370 3058 4432 δὲ
3108 4371 3188 4455 τῷ
3239 4369 3449 4452 Κρόνῳ
3508 4366 3616 4446 τὴν
3657 4365 3805 4448 πρὸς
3862 4368 4073 4430 ἑαυτὸν

2378 4471 2650 4554 στροφὴν
2674 4474 2883 4553 μόνην,
2916 4474 2984 4535 ἐν
3014 4473 3084 4535 δὲ
3107 4474 3188 4557 τῷ
3215 4471 3443 4556 οὐρανῷ
3485 4469 3593 4548 τὴν
3620 4469 3767 4551 πρὸς
3794 4469 3902 4534 τὸν
3932 4496 4067 4550 νοη-

2376 4572 2483 4638 τὸν
2509 4575 2700 4654 μόνην
2724 4572 3060 4639 ἀνάστασιν
3091 4574 3281 4661 (Leg.
3311 4573 3420 4653 τὴν
3446 4572 3593 4655 πρὸς
3634 4572 3703 4637 τὸ
3750 4573 3964 4653 νοητὸν
4003 4600 4070 4653 μ.

2374 4674 2686 4741 ἀνάτασιν.
2784 4675 2999 4741 Simile
3034 4675 3259 4741 vitium
3296 4675 3518 4764 optimi
3547 4674 3796 4740 Codicis
3822 4678 4074 4764 Argen-

2375 4778 2701 4843 toratensis
2728 4801 2849 4867 ope
2876 4778 3096 4844 sustuli
3127 4803 3163 4844 e
3191 4779 3399 4845 Procli
3430 4780 3464 4844 I
3470 4794 3591 4846 nst.
3615 4778 3841 4845 Theol.
3877 4783 3937 4865 ξ.
3960 4801 3999 4866 3
4003 4796 4067 4866 5.

2372 4880 2485 4946 ubi
2517 4881 2640 4947 vid.
2673 4897 2803 4946 not.
2835 4905 2898 4970 p.
2926 4884 3101 4968 62.):
3152 4885 3248 4949 καὶ
3289 4888 3406 4968 γὰρ
3449 4886 3482 4948 6
3528 4885 3678 4950 Ζεὺς
3719 4887 3825 4951 οὐκ
3868 4886 4070 4957 ἄλλως

2371 4991 2621 5068 προνοεῖ
2657 4991 2775 5050 τῶν
2820 4987 3154 5069 ἐγκοσμίων
3180 4985 3218 5067 ἢ
3246 4988 3393 5070 πρὸς
3433 4987 3501 5052 τὸ
3548 4990 3760 5070 νοητὸν
3794 4991 4064 5071 βλέπων·

2370 5089 2520 5171 ἥπερ
2549 5090 2658 5154 οὖν
2689 5094 2823 5157 νοῦς
2852 5091 3104 5157 ἐνούσας
3134 5089 3291 5159 ἰδέας
3320 5092 3388 5155 ἐν
3414 5094 3495 5178 τᾷ
3525 5093 3562 5155 ὅ
3590 5095 3720 5157 ἐστι
3746 5099 3896 5169 ζῶον
3926 5096 4065 5158 ὅσαι

2369 5192 2438 5257 τέ
2466 5195 2623 5258 εἰσιν
2651 5193 2748 5257 καὶ
2775 5194 2975 5258 ὁποῖαι
3006 5193 3263 5278 καθορᾷ”
3292 5194 3482 5275 φησὶν
3509 5195 3543 5257 6
3571 5197 3817 5274 Τι’,ιιαιος
3848 5194 4065 5277 (Plato

2371 5295 2543 5361 Tim.
2583 5299 2639 5381 ξ.
2669 5299 2804 5381 24.)
2831 5298 2864 5359 6
2895 5294 2943 5360 δ’
2966 5294 3228 5379 Ὀρφεὺς
3257 5295 3441 5382 ἐνθέῳ
3471 5299 3720 5377 στόματι
3746 5297 3934 5380 λέγει,
3970 5302 4066 5365 καὶ

2370 5400 2677 5463 καταπίνει
2722 5398 2958 5486 (Orph.
2992 5400 3314 5486 Fragmm.
3358 5422 3425 5486 p.
3455 5401 3604 5484 456.
3656 5400 3911 5486 Herm.)
3957 5404 4066 5468 τὸν

2368 5503 2670 5584 πρόγονον
2691 5501 2871 5566 αὐτοῦ
2892 5501 2998 5565 τὸν
3019 5500 3283 5581 Φάνητα,
3311 5501 3406 5565 καὶ
3435 5502 3841 5582 ἐγκολπίζεται
3866 5506 4064 5576 πάσας

2368 5604 2549 5670 αὐτοῦ
2591 5606 2695 5672 τᾶς
2737 5602 3010 5684 δυνάμεις
3035 5606 3068 5668 6
3101 5604 3265 5678 Ζεὺς,
3301 5603 3395 5668 καὶ
3421 5605 3649 5687 γίνεται
3690 5604 3886 5672 πάντα
3930 5635 4060 5675 νοε-
