5118 6613
1335 567 1530 632 LIB.
1582 566 1780 631 VIII.
1828 567 2726 633 ENNEAD..PRIMAE.
2770 592 2835 656 p.
2873 586 3230 657 150—154.

527 739 877 825 firmam).
928 736 1204 801 Verbum
1235 735 1590 817 ἐπιβάλλειν
1632 761 1820 825 quam
1866 738 2031 804 varie
2074 740 2236 805 acci-

553 840 764 928 piatur
807 862 990 905 nemo
1033 838 1243 904 nescit.
1309 838 1451 903 Vid.
1496 862 1665 905 nunc
1712 842 2012 930 Stephani
2042 843 2235 908 Thes.

556 968 617 1032 p.
664 944 1138 1028 2613—2617.
1193 941 1292 1008 ed.
1330 941 1550 1030 Valpy.
1598 957 1662 1008 et
1706 944 1869 1009 adde
1918 944 2237 1011 Schleusn.

557 1047 717 1111 Lex.
780 1047 865 1110 N.
923 1046 1009 1109 T.
1072 1044 1135 1108 in
1192 1068 1325 1109 voc.
1429 1046 1680 1111 Jacobs,
1742 1046 1823 1111 ad
1883 1046 2242 1113 Philostrati

560 1150 806 1236 Imagg.
853 1170 917 1234 p.
948 1146 1099 1233 578.
1149 1146 1394 1212 Scholia
1437 1147 1501 1211 in
1531 1149 1796 1214 Aristid.
1846 1173 1908 1237 p.
1951 1168 2091 1234 107.
2139 1151 2239 1216 ed.

559 1249 892 1317 Frommel.
946 1264 1011 1315 et
1061 1250 1509 1339 Wyttenbach.
1559 1265 1622 1315 et
1672 1268 1864 1317 nostr.
1918 1267 2128 1319 annot.
2176 1253 2242 1319 in

560 1352 790 1419 Plotin.
823 1352 903 1417 de
931 1352 1143 1417 Pulcr.
1188 1352 1289 1418 ed.
1333 1353 1532 1441 pecul.
1570 1355 1663 1442 (p.
1691 1370 1801 1441 57.
1834 1357 1943 1441 F.)
1995 1379 2059 1443 p.
2088 1357 2236 1442 387.

562 1457 705 1520 Hoc
751 1455 889 1520 loco
930 1469 1140 1520 autem
1189 1456 1542 1536 ἐπιβάλλειν
1584 1473 1698 1537 est,
1743 1458 1916 1545 quod
1955 1458 2241 1524 usitatius

561 1558 1023 1639 ἐπιβάλλεσθαι,
1054 1558 1096 1621 i.
1127 1581 1180 1623 e.
1229 1558 1309 1623 ad
1354 1558 1590 1646 aliquid
1622 1575 1915 1648 tanquam
1944 1561 2027 1626 ad
2053 1562 2238 1626 finem

560 1675 855 1748 spectare,
883 1660 1192 1726 collimare
1233 1661 1315 1727 ad
1361 1686 1642 1751 scopum,
1674 1678 1864 1751 atque
1908 1665 2064 1729 adeo
2091 1687 2237 1729 con·

559 1763 874 1853 cupiscere
914 1763 1172 1852 aliquid.
1262 1766 1543 1853 Hesych.
1574 1790 1639 1855 p.
1677 1787 1862 1853 1341.
1909 1770 2237 1849 ἐπιβαλλό·

561 1889 755 1947 μενος·
830 1869 1123 1948 ἐπιβολὴν
1188 1870 1284 1933 καὶ
1348 1872 1633 1951 πρόθεσιν
1700 1871 1877 1954 ἔχων,
1930 1873 2242 1951 ἐπιθυμῶν,

564 1968 672 2034 ubi
703 1969 831 2034 vid.
865 1969 1020 2035 Not.
1050 1969 1130 2036 cf.
1167 1970 1409 2058 Upton.
1454 1971 1535 2036 ad
1582 1971 1835 2036 Arriani
1868 1972 2153 2037 Dissertt.
2185 1973 2245 2037 1.

562 2092 625 2152 4.
666 2092 763 2152 14.
797 2087 861 2137 et
888 2074 1132 2160 Upton.
1161 2086 1223 2137 et
1254 2073 1600 2161 Schweigh.
1647 2074 1712 2139 in
1754 2074 1956 2140 Indic.
1990 2075 2242 2140 Graecit.

564 2176 626 2241 in
657 2176 927 2263 Epictet.
975 2199 1038 2263 p.
1070 2194 1216 2261 327.
1262 2200 1356 2264 sq.
1419 2177 1683 2242 Photius
1726 2178 1887 2244 Lex.
1919 2179 2124 2244 Graec.
2178 2202 2240 2266 p.

564 2299 712 2365 313.
762 2303 826 2367 p.
860 2281 1009 2365 364.
1056 2280 1316 2343 Porson.
1363 2282 1737 2362 ὀφθαλμίσαι
1769 2281 1979 2363 (Suid.
2023 2295 2088 2346 et
2126 2282 2248 2345 Zo-

566 2405 700 2447 nar.
753 2381 1252 2465 Ὀφθαλμιάσαι)·
1315 2387 1632 2465 φθονῆσαι·
1688 2385 2002 2465 ἐπιβαλεῖν
2048 2386 2244 2448 ἐπιθυ-

567 2492 831 2565 μητικῶς.
880 2483 985 2549 Cf.
1015 2507 1309 2571 sequens:
1358 2483 1716 2567 Ὀφθαλμὸν
1743 2486 2131 2567 ἐπιβάλλειν;
2179 2485 2247 2549 τὸ

567 2594 885 2670 περιεργῶς
911 2586 1266 2665 θεάσασθαι,
1302 2587 1468 2652 unde
1509 2587 1619 2676 huj
1629 2611 1701 2653 us
1744 2588 2122 2675 significatus
2151 2611 2249 2653 ra-

571 2690 659 2755 tio
690 2703 971 2778 apparet.

652 2830 740 2843 —
759 2809 825 2878 5.
870 2792 978 2872 τὴν
1006 2795 1071 2857 δὲ
1099 2796 1303 2859 κακίαν
1335 2797 1402 2860 ἐν
1432 2794 1573 2874 αὐτῇ
1610 2796 1796 2884 ποιεῖ]
1847 2792 2155 2881 Conjicias
2184 2795 2251 2858 ἐν

571 2899 738 2977 αὐτῇ,
775 2909 965 2982 atque
1008 2895 1096 2960 ita
1136 2897 1408 2985 Engelh.
1456 2897 1664 2962 Verba
1709 2899 1875 2983 λόγῳ
1916 2900 1996 2983 τῷ
2045 2899 2251 2977 ἑαυτῆς

569 3020 695 3062 non
725 2997 1023 3085 expressit
1048 2997 1300 3086 Taylor.
1360 2998 1638 3063 Deinde:
1687 3000 1842 3063 ὥστε
1870 2998 1941 3062 οὗ
1970 2998 2252 3081 στέρησιν

568 3100 789 3183 -παρ’
821 3101 994 3182 αὐτῆς
1034 3100 1183 3165 item
1225 3101 1559 3189 legendum
1600 3100 1851 3165 videtur
1887 3098 2021 3182 παρ’
2056 3102 2250 3183 αὐτῆς,

568 3218 760 3291 atque
785 3202 875 3268 ita
904 3201 1186 3267 Ficinus:
1236 3216 1298 3268 et
1329 3227 1474 3268 mox
1503 3203 1749 3268 iterum.
1811 3201 1997 3266 Talia
2022 3201 2088 3266 in
2116 3225 2259 3290 pos-

570 3321 796 3385 terum,
824 3329 955 3393 quo
980 3304 1242 3371 taedium
1267 3306 1566 3372 lectorum
1595 3305 1844 3384 evitem,
1868 3304 2169 3370 omittam.

656 3446 744 3458 —
770 3427 873 3475 12.
916 3414 1180 3489 παντελῆ
1210 3409 1519 3493 στέρησιν]
1570 3407 1772 3473 Vertit
1822 3408 2079 3473 Ficinus
2113 3409 2255 3473 uni-

576 3533 823 3577 versam
865 3511 1290 3599 privationem.
1380 3511 1592 3600 Magis
1633 3510 1957 3600 perspicue
2002 3509 2259 3576 reddid-

574 3614 721 3680 isset
745 3616 1110 3690 absolutam,
1143 3638 1271 3701 quo
1300 3614 1603 3680 vocabulo
1639 3614 1773 3701 ipse
1814 3613 2068 3678 Tullius
2106 3640 2260 3679 παν-

574 3722 718 3798 τελῆ
752 3717 1067 3806 exprimit.
1111 3717 1259 3782 Vid.
1292 3720 1385 3782 H.
1412 3717 1633 3805 Steph.
1679 3718 1745 3781 in
1788 3717 1981 3782 Thes.
2014 3717 2097 3781 L.
2133 3718 2250 3783 Gr.

575 3843 641 3907 p.
666 3838 853 3906 7225.
884 3819 985 3886 ed.
1019 3819 1245 3908 Valpy.
1276 3835 1339 3885 et
1368 3821 1499 3886 Cic.
1534 3822 1611 3885 de
1639 3819 1847 3885 Finib.
1883 3820 2022 3885 111.
2060 3837 2120 3902 7.
2150 3821 2253 3884 26.

572 3922 728 4010 ibiq.
756 3923 1061 3988 Goerenz.
1092 3946 1154 4010 p.
1181 3942 1330 4009 343.

663 4061 748 4076 —
779 4045 875 4106 14.
923 4026 991 4090 τὸ
1032 4027 1145 4105 μὲν
1183 4026 1429 4109 ἔχουσα,
1461 4025 1529 4089 τὸ
1570 4027 1636 4089 δὲ
1680 4023 2070 4114 ἐστερημένη]
2119 4026 2253 4089 Ex-

576 4128 800 4215 pressit
823 4127 1007 4193 etiam
1040 4127 1171 4192 Fic.
1204 4119 1395 4215 atque
1415 4127 1552 4193 haec
1580 4126 1710 4192 sola
1732 4126 1913 4191 lectio
1939 4149 2253 4215 germana.

576 4230 894 4296 Describit
920 4230 1086 4295 enim
1124 4229 1532 4317 philosophus
1574 4252 1734 4311 eam,
1759 4252 1949 4316 quam
1978 4229 2262 4317 proxime

574 4333 823 4398 dixerat
850 4336 983 4398 τινὰ
1011 4331 1293 4415 στέρησιν
1327 4334 1572 4415 ἆγαθοῦ,
1603 4333 1918 4420 quandam
1950 4334 2096 4398 boni
2110 4335 2259 4421 pri·

574 4438 915 4514 mationem,
952 4435 992 4501 i.
1026 4458 1080 4500 e.
1122 4458 1284 4516 eam,
1314 4458 1458 4522 quae
1500 4434 1808 4500 contraria
1849 4434 1929 4500 sit
1969 4437 2266 4500 absolutes

569 4540 723 4605 boni
738 4539 1120 4627 privationi.

669 4658 814 4727 154,
855 4661 912 4705 1.
958 4643 1034 4705 Εί
1059 4641 1140 4721 μὴ
1168 4642 1283 4723 ἄρα
1308 4643 1494 4728 τούτῳ
1525 4641 1704 4706 κακὸν
1731 4639 1771 4722 ᾖ
1809 4642 2111 4726 ἐμπόδιον]
2164 4641 2265 4705 De

573 4749 637 4813 εἰ
656 4766 806 4811 cum
837 4742 1255 4830 conjunctivo
1282 4742 1519 4808 dictum
1563 4757 1657 4808 est
1695 4767 1887 4831 supra
1913 4743 1996 4808 ad
2028 4745 2083 4808 1.
2108 4763 2173 4825 4.
2201 4761 2261 4808 2.

568 4871 638 4938 p.
664 4867 776 4934 30.
809 4847 886 4913 F.
911 4846 998 4911 G.
1029 4848 1213 4932 τούτῳ
1243 4844 1516 4933 Engelh.
1545 4845 1759 4911 retulit
1783 4845 1866 4910 ad
1895 4845 2146 4928 ἀγαθὸν,
2176 4845 2266 4910 ita

568 4948 918 5037 accipiens:
986 4948 1269 5013 Fortasse
1314 4947 1562 5013 Malum
1620 4950 1800 5013 Bono
1849 4946 2261 5036 impedimen-

571 5066 716 5119 tum
775 5049 983 5116 fuerit.
1033 5050 1276 5137 Taylor
1323 5052 1840 5117 contrat—that
1892 5051 2020 5115 evil
2073 5053 2132 5116 is
2173 5073 2261 5116 an

566 5154 980 5244 impediment
1038 5162 1099 5217 to
1157 5153 1255 5218 the
1310 5154 1469 5218 θοαί.
1545 5155 1761 5219 Recte.
1850 5153 2009 5218 Vide
2059 5152 2267 5234 modo,

566 5282 724 5347 quae
763 5254 975 5344 paucis
1002 5255 1338 5344 interjectis
1378 5270 1764 5342 sequuntur:
1813 5258 1868 5320 εἰ
1895 5257 2002 5320 οῦν
2030 5257 2068 5335 ἢ
2097 5258 2269 5321 κακία

569 5360 864 5442 ἐμπόδιον
900 5360 974 5437 τῇ
1016 5362 1204 5441 ψυχῇ.
1297 5357 1379 5421 In
1423 5379 1691 5421 errorem
1737 5356 1988 5422 induxit
2030 5357 2266 5445 Engel-

565 5460 878 5529 hardtum
911 5481 1060 5523 usus
1090 5458 1342 5538 Plotini,
1373 5458 1485 5546 qui
1516 5457 1884 5546 saepiuscule
1914 5460 2269 5525 Pronomen

565 5562 868 5633 neutrius
905 5562 1172 5649 generis,
1218 5575 1293 5627 ut
1333 5561 1457 5628 h.l.
1501 5563 1709 5647 τούτῳ,
1761 5562 2062 5651 subjicere
2118 5562 2269 5629 solet

3934 591 4013 662 75

2327 740 2696 805 Masculinis
2725 754 2788 804 et
2818 741 3178 807 Femininis.

2431 880 2520 893 —
2539 861 2598 908 2.
2665 842 2801 908 ἀλλ’
2848 847 2997 908 οὕτω
3042 844 3342 925 ποιητικὸν
3366 881 3451 894 -
3475 845 3542 909 τὸ
3589 848 3767 911 κακὸν
3810 849 4011 933 αὐτῆς]

2330 947 2434 1010 Ita
2481 969 2736 1034 quoque
2793 946 3049 1011 Ficinus
3109 970 3379 1033 eumque
3430 948 3624 1013 secuti
3673 948 3912 1037 Taylor
3954 967 4019 1015 et

2329 1048 2603 1135 Engelh.
2669 1051 2765 1113 At
2802 1048 2853 1113 si
2897 1047 3198 1113 librorum
3226 1050 3802 1136 probatissimorum
3828 1051 4017 1117 fidem

2328 1165 2577 1216 secutus
2606 1151 2827 1239 legeris
2856 1153 3071 1230 αὐτοῖς,
3093 1152 3208 1217 hoc
3241 1154 3592 1218 Pronomen
3623 1153 4018 1219 referendum

2326 1252 2516 1318 fuerit
2545 1253 2627 1318 ad
2650 1277 2753 1319 eos
2773 1254 2882 1341 qui
2907 1254 3041 1320 haec
3065 1254 3295 1333 dicant,
3316 1255 3432 1320 hac
3463 1258 3802 1322 sententia:
3837 1266 3884 1298 “
3905 1260 4018 1322 At-

2325 1356 2434 1442 qui
2465 1355 2584 1421 hoc
2610 1371 2794 1444 pacto
2821 1358 2906 1421 iis
2938 1356 3007 1440 (i.
3036 1381 3087 1422 e.
3136 1357 3477 1423 secundum
3519 1359 3882 1425 sententiam
3918 1385 4017 1427 eo-

2326 1480 2489 1537 rum,
2509 1459 2622 1546 qui
2650 1459 3058 1538 contendunt,
3082 1459 3318 1525 malum
3340 1461 3564 1527 animae
3581 1464 4017 1529 tantummodo

2324 1560 2840 1648 impedimentum
2880 1565 3038 1648 esoe)
3071 1562 3303 1628 malum
3331 1564 3555 1630 animae
3594 1565 3711 1630 erit
3752 1564 4018 1632 efficiens

2325 1663 2531 1729 mali.”
2619 1667 2877 1730 Mutare
2908 1679 3114 1731 tamen
3143 1666 3335 1731 nolui.

2436 1805 2524 1816 —
2547 1769 2610 1832 6.
2678 1768 2829 1832 Εἶτα
2887 1770 2981 1832 καὶ
3058 1770 3095 1849 ἡ
3174 1770 3349 1851 ἀρετὴ
3365 1808 3454 1821 -
3471 1770 3589 1835 οὐδ’
3650 1773 4014 1861 αὗταγαθόν]

2332 1869 2475 1935 Vid.
2503 1871 2688 1934 Varr.
2726 1869 2894 1935 lectt.
2984 1871 3302 1935 Nimirum
3350 1872 3414 1936 in
3456 1887 3716 1937 accentu
3759 1875 4018 1939 extremi

2330 1973 2616 2038 vocabuli
2645 1973 2775 2038 sine
2803 1972 3105 2038 librorum
3134 1974 3510 2062 optimorum
3540 1998 3843 2040 consensu
3875 2000 4014 2041 mu·

2334 2090 2463 2141 tare
2492 2074 2827 2141 noluimuS.
2903 2076 3196 2141 Variatur
3217 2077 3381 2141 enim
3401 2077 3464 2141 in
3487 2077 3600 2143 his.
3668 2077 3789 2157 Sic,
3810 2093 3881 2144 ut
3904 2079 4021 2145 hoc

2332 2192 2475 2242 utar
2516 2177 2580 2241 in
2627 2177 2942 2266 Simplicio
2982 2179 3046 2241 in
3091 2179 3364 2266 Epictet.
3414 2181 3472 2245 1.
3503 2200 3556 2245 1.
3591 2203 3655 2267 p.
3690 2200 3788 2246 12.
3818 2205 3886 2269 p.
3914 2200 4017 2248 22.

2337 2280 2684 2367 Schweigh.
2754 2280 3055 2345 Heinsius
3083 2281 3280 2346 edidit
3316 2283 3638 2364 αὗταγαθά,
3674 2283 4018 2371 Schweigh.

2334 2383 2677 2465 αὐτοαγαθᾶ
2697 2382 2805 2464 (cf.
2834 2396 3012 2447 notas
3036 2383 3578 2471 Schweighaeuseri
3601 2408 3662 2472 p.
3693 2388 3892 2470 201.).
3929 2385 4022 2451 Si-

2332 2483 2558 2549 militer
2598 2484 2660 2549 in
2703 2484 2955 2550 Plotino
2985 2488 3103 2551 VI.
3140 2487 3199 2550 6.
3240 2506 3336 2551 10.
3385 2486 3548 2552 med.
3601 2486 3791 2552 editio
3832 2488 4023 2554 habet

2335 2588 2475 2651 αὐτὸ
2506 2587 2768 2671 ἀγαθόνε
2817 2603 2941 2653 tres
2968 2588 3111 2653 libri
3142 2612 3280 2653 mss.
3314 2590 3705 2672 αὐτοαγαθόν.
3785 2593 4024 2657 Contra

2334 2690 2395 2754 in
2430 2690 2672 2755 Nicolai
2712 2690 3143 2756 Methonensis
3184 2691 3401 2756 Refut.
3443 2692 3650 2757 Procli
3680 2693 3904 2781 saepius
3931 2693 4019 2758 le·

2333 2793 2507 2881 gitur
2553 2793 2885 2876 αὗτάγαθος
2917 2809 2981 2858 et
3022 2793 3378 2876 αὗτάγαθον.
3470 2794 3616 2860 Vid.
3647 2817 3710 2881 p.
3744 2813 3843 2878 17.
3870 2797 4019 2885 ibiq.

2334 2910 2460 2961 not.
2491 2895 2794 2961 Voemelii.
2886 2896 3180 2960 Similiter
3218 2896 3583 2979 αὗτοάγαθος
3614 2912 3676 2962 et
3723 2899 4016 2983 αὖτοάγα-

2335 3003 2443 3063 θον
2485 2997 2608 3063 alii.
2660 2999 2766 3064 Cf.
2800 2998 3098 3087 Stephani
3132 2997 3329 3063 Thes.
3360 2999 3442 3065 L.
3481 3000 3598 3065 Gr.
3647 3023 3709 3087 p.
3744 3002 3883 3082 146.
3916 3001 4017 3067 ed.

2341 3099 2569 3189 Valpy.
2634 3102 2950 3166 Caeterum
2978 3101 3180 3165 forma
3218 3101 3547 3184 αὗταγαθὸς
3583 3117 3646 3167 et
3688 3103 4027 3186 αὗταγαθὸν

2341 3225 2466 3267 non
2497 3217 2590 3267 est
2616 3203 2678 3267 in
2712 3204 2985 3269 LexiciS.
3073 3205 3175 3269 De
3201 3227 3354 3268 voce
3394 3206 3717 3274 αὐτόκαλος
3744 3219 3808 3270 et
3852 3207 4022 3272 αὐτό-

2345 3315 2530 3372 καλον
2558 3308 2914 3373 monuimus
2955 3305 3037 3372 ad
3077 3306 3373 3374 Proclum
3417 3308 3481 3371 in
3525 3308 3669 3373 Alc.
3700 3332 3797 3397 pr.
3831 3334 3893 3398 p.
3921 3311 4023 3377 28.

2344 3409 2428 3474 cf.
2460 3432 2523 3499 p.
2561 3429 2586 3472 1
2603 3408 2699 3475 18.

2430 3549 2519 3562 —
2541 3531 2639 3579 12.
2708 3510 3012 3597 ἀρξαμένῳ
3062 3514 3175 3592 μὲν
3231 3512 3347 3577 ἀπὸ
3402 3517 3503 3592 τῆς
3559 3514 3789 3602 κακίας]
3866 3516 4027 3580 Haec

2347 3613 2557 3680 scholii
2588 3614 2849 3702 speciem
2888 3613 3140 3693 habent,
3172 3636 3302 3701 quo
3340 3615 3484 3701 quis
3508 3613 3574 3679 in
3604 3616 3880 3702 margine
3917 3640 4028 3681 ex-

2345 3716 2576 3805 plicare
2614 3716 2949 3780 instituerit
2977 3716 3168 3780 verba
3211 3717 3327 3781 ἆπὸ
3367 3721 3467 3796 τῆς
3507 3720 3707 3785 κακίας
3735 3721 4026 3799 καταβαί-

2345 3846 2525 3885 νοντι.
2620 3818 2743 3884 Sed
2771 3831 2977 3882 tamen
3019 3818 3223 3883 codd.
3256 3840 3469 3883 omnes
3505 3834 3850 3907 agnoscunt
3899 3820 4025 3899 illa,

2341 3946 2507 4009 quae,
2539 3921 2587 3986 si
2616 3943 2912 4009 germana
2939 3934 3106 4000 sunt,
3129 3919 3219 3985 ita
3244 3919 3624 4008 accipienda:
3660 3946 3731 3987 ac
3742 3925 4029 4012 primum

2341 4026 2588 4113 quidem
2620 4023 2949 4108 (offendet)
2981 4023 3388 4111 pravitatem;
3436 4025 3517 4089 de
3546 4048 3675 4112 quo
3721 4047 3838 4090 usu
3878 4029 4032 4092 Par-

2348 4127 2537 4215 ticipii
2583 4127 2905 4210 ἀρξάμενος
2934 4125 3077 4191 Vid.
3112 4126 3358 4191 Heusd.
3393 4128 3571 4215 Spec.
3609 4128 3764 4193 Crit.
3793 4128 3859 4192 in
3886 4128 4031 4194 Pla„

2347 4244 2477 4295 ton.
2503 4254 2569 4318 p.
2593 4250 2699 4317 39.
2733 4253 2827 4317 sq.
2860 4228 3195 4294 Heindorf.
3237 4228 3321 4294 ad
3366 4230 3563 4317 Gorg.
3597 4253 3661 4317 p.
3686 4234 3787 4316 83.
3831 4254 3924 4319 sq.
3967 4247 4031 4298 et

2348 4332 2717 4398 Buttmanni
2748 4331 2946 4398 Indic.
2979 4333 3044 4396 in
3074 4330 3282 4397 Alcib.
3314 4355 3407 4420 pr.
3441 4332 3558 4396 sub
3586 4334 3894 4416 ἄρχεσθαι.

2433 4473 2521 4485 -
2541 4435 2625 4500 ib.
2675 4439 2988 4518 θεωροῦντι
3022 4436 3134 4515 μὲν
3179 4436 3216 4516 ἦ
3256 4437 3470 4517 θεωρία
3510 4436 3635 4514 ἥτις
3688 4438 3848 4526 ἐστί]
3920 4439 4029 4503 Fi..

2348 4538 2557 4602 einum
2585 4536 2754 4602 dicas
2781 4536 3114 4603 correxisse
3144 4540 3200 4602 εἴ
3223 4562 3309 4605 τις
3339 4538 3487 4601 ἐστί.
3577 4536 3840 4603 Codices
3876 4540 4032 4607 nihil

2348 4640 2609 4705 variant.
2698 4639 3037 4728 Participio
3085 4653 3294 4705 autem
3345 4644 3657 4722 θεωροῦντι
3702 4642 4032 4730 subjicitur

2349 4742 2641 4828 γινομένῳ
2684 4742 2761 4820 ei,
2790 4742 2902 4829 qui
2942 4741 3396 4829 contempletur
3423 4741 3655 4807 malum
3683 4743 3925 4831 ipsum:
3974 4749 4030 4814 ei

2348 4845 2461 4934 qui
2484 4845 2744 4933 jamjam
2774 4844 2963 4910 fuerit
3002 4844 3067 4908 in
3106 4845 3261 4933 ipso.
3355 4844 3600 4924 Quibus
3641 4844 3755 4911 lux
3797 4851 4034 4918 accedit

2346 4948 2643 5013 continuo
2671 4946 3072 5035 sequentibus
3106 4950 3335 5031 γίνεται
3361 4950 3634 5030 γὰρ-ἐν
3661 4954 3742 5035 τῷ
3769 4956 3871 5032 τῆς
3898 4955 4034 5019 ἂνο-

2344 5054 2650 5134 μοιότητος
2690 5053 2868 5137 τόπῳ,
2901 5050 2965 5114 in
2994 5050 3226 5138 quibus
3254 5050 3458 5115 verbis
3501 5050 3660 5116 inest
3704 5051 4035 5143 descriptio

2352 5154 2625 5219 materiae
2653 5167 2716 5218 et
2757 5152 2923 5233 mali,
2953 5152 3209 5240 quando
3239 5176 3317 5217 ex
3346 5152 3631 5219 doctrina
3660 5154 3938 5221 Platonis
3965 5159 4033 5223 τὸ

2354 5259 2634 5337 ἀνόμοιον
2654 5256 3028 5321 contrarium
3060 5268 3151 5320 est
3197 5256 3379 5320 Bono
3406 5270 3597 5343 atque
3624 5257 3796 5321 ideis,
3876 5260 4036 5326 Vide

2350 5359 2540 5424 modo
2586 5360 2872 5446 Sympos.
2918 5381 2982 5446 p.
3013 5378 3156 5424 211.
3204 5380 3268 5446 p.
3288 5378 3438 5441 444.
3474 5358 3676 5423 Bekk.
3771 5360 3932 5426 Inde
3971 5363 4035 5428 in

2352 5464 2496 5543 ὕλης
2522 5461 2832 5526 mentione
2860 5484 2983 5526 vox
3029 5462 3373 5541 ἀνομοιότης
3407 5460 3668 5525 recurrit
3709 5460 3875 5528 infra
3915 5466 4034 5532 VI.

2353 5583 2417 5651 3.
2442 5583 2505 5629 2.
2519 5563 2646 5724 ἓυὶ
2679 5562 2853 5629 locus
2879 5562 3326 5629 conferendus:
3375 5562 3522 5627 item
3550 5561 3708 5628 alter
3736 5566 3851 5631 VI.
3886 5588 3947 5655 9.
3972 5584 4034 5655 5.

2431 5672 2480 5723 L
