5118 6613
1013 462 1143 528 500
2081 444 2414 509 ADDEN
2421 444 2554 507 DA
2600 443 2729 509 ET
2776 444 3270 510 CORRIGEN
3275 446 3435 509 DA.

1019 624 1321 699 quentibus
1351 622 1513 683 annis
1544 643 1672 682 cum
1703 619 2047 681 carminibus
2075 631 2198 679 tum
2229 618 2350 678 aliis
2378 617 2604 697 scriptis
2634 617 2929 679 doctorum
2973 618 3271 678 hominum
3312 620 3507 680 laudes
3549 620 3892 699 promeruit:
3940 620 4021 681 ita
4060 622 4257 681 eadem
4301 617 4509 700 ad'g'me

1024 721 1170 780 hanc
1195 723 1311 780 vim
1339 723 1547 781 habere
1575 721 1763 788 debet,
1794 732 1860 777 ut
1886 738 1958 777 ne
1984 717 2080 791 ὅλφ
2105 725 2177 791 τῷ·
2203 720 2399 790 θυλάκῳ
2438 716 2720 774 effundam
2763 716 2821 775 in
2863 717 2984 777 hoec
3014 718 3308 788 Addenda‚
3338 739 3467 797 quoe
3505 717 3620 789 ille,
3651 719 3806 798 quod
3847 720 3999 779 bona
4040 720 4216 799 ipsius
4258 739 4398 800 pace
4438 740 4505 779 ac

1028 817 1191 877 venia
1217 818 1427 878 dictum
1457 821 1551 888 sit,
1582 837 1742 898 paene
1770 837 1912 897 puer
1938 816 1997 875 in
2024 816 2247 875 chartas
2287 819 2626 895 conjecerat,
2655 815 2754 873 sed
2782 828 2849 874 ut
2872 816 3182 896 insigniora
3218 817 3493 876 duntaxat
3532 817 3788 895 seligam,
3816 829 3878 876 et
3905 817 4009 877 hac
4037 818 4171 877 data
4206 817 4506 878 occasione

1029 914 1086 973 in
1115 916 1400 994 publicum
1429 915 1707 977 emittam.

1108 1018 1201 1073 Ad
1226 1036 1348 1093 cap.
1383 1036 1428 1077 ι.
1472 1016 1931 1088 nmmo—&fixa
1956 1012 2049 1086 μὲν
2074 1011 2403 1084 αἰσχυνομένῳ
2426 1008 2503 1067 ὅτι
2529 1015 2581 1068 ἐν
2606 1016 2807 1084 σάματι
2833 1007 2923 1081 εἴη.
2990 1012 3180 1071 Verba
3204 1012 3487 1071 Theoduli
3513 1032 3547 1071 a
3574 1033 3666 1071 me
3695 1013 3765 1072 ad
3792 1014 3852 1071 h.
3876 1013 3916 1071 l.
3945 1012 4202 1092 adposita
4229 1034 4346 1072 non
4372 1028 4509 1074 sunt

1027 1111 1306 1193 descripta
1331 1133 1401 1172 ex
1426 1112 1670 1192 epistola
1710 1111 1780 1169 ad
1808 1110 2081 1169 Joannem
2123 1107 2544 1187 philosophum,
2577 1120 2641 1166 ut
2666 1127 2798 1167 cum
2826 1107 3063 1187 Cangio,
3090 1107 3347 1168 Fabricio
3381 1113 3467 1188 (et
3494 1109 3818 1189 Leopardio
3847 1112 3930 1168 uti
3955 1122 4154 1189 postea
4178 1110 4320 1186 vidi)
4352 1112 4508 1171 dixe-

1026 1229 1167 1276 ram.
1197 1211 1293 1269 sed
1323 1212 1393 1270 ad
1422 1211 1720 1286 Josepkum
1747 1205 2150 1286 philosophum
2171 1231 2189 1278 3
2237 1225 2367 1263 nam
2396 1223 2524 1263 eam
2551 1206 2828 1285 integram
2857 1205 3114 1265 exhibuit
3139 1208 3207 1265 fr.
3238 1207 3591 1267 Boissonade
3620 1208 3680 1267 in
3708 1207 4015 1268 Anecdotis
4043 1209 4257 1268 Groecis
4285 1209 4397 1268 vol.
4426 1210 4507 1268 11.

1026 1307 1199 1367 Paris.
1239 1312 1410 1385 1830.
1437 1331 1496 1389 p.
1531 1307 1868 1366 212—228.
1897 1304 1996 1363 ubi
2024 1303 2143 1362 hoec
2167 1302 2450 1363 Theoduli
2479 1302 2597 1363 sive
2622 1304 2859 1362 Thomae
2884 1303 3151 1382 Magistri
3183 1304 3320 1380 (vid.
3348 1304 3791 1365 Boissonadium
3836 1306 3906 1364 ad
3947 1327 4003 1386 p.
4043 1307 4200 1382 188.)
4244 1306 4509 1387 leguntur

1029 1426 1086 1485 p.
1122 1425 1255 1481 224.
1285 1410 1547 1485 sq.—Ad
1571 1406 1736 1463 verba
1761 1403 1823 1462 in
1850 1403 1962 1461 fine
1988 1400 2186 1480 capitis
2209 1423 2221 1458 ε
2268 1401 2429 1459 εἰκόνα
2468 1407 2617 1462 αὐτοῦ
2656 1404 2891 1478 γενέσθαι
2918 1403 2949 1473 ἦ
2977 1405 3155 1482 εὐφυΐα
3180 1411 3266 1460 τοῦ
3296 1405 3557 1480 Καρτερῖου
3595 1406 3847 1481 παρέσχεν
3885 1407 4187 1478 δμοιοτάτην.
4269 1404 4363 1463 Ex
4403 1405 4509 1465 bac

1027 1504 1279 1563 Canterii
1322 1503 1514 1563 tabula
1552 1521 1847 1581 expressus
1889 1499 2063 1557 videri
2105 1497 2285 1577 possit
2311 1497 2520 1556 Plotini
2552 1499 2754 1570 vultus,
2785 1501 2885 1580 qui
2911 1521 3095 1580 nuper
3120 1501 3428 1560 admodum
3458 1502 3778 1580 comparuit
3819 1500 4130 1579 inscalptus
4156 1498 4217 1559 in
4243 1502 4506 1561 carneolo

1026 1601 1309 1669 orientali,
1338 1601 1487 1661 inter
1514 1601 1756 1679 reliquas
1781 1618 2034 1677 gemmas
2062 1595 2488 1675 dactyliothecae
2518 1596 2618 1655 viri
2645 1597 3024 1660 illustrissimi.
3102 1598 3264 1678 (vid.
3296 1599 3607 1679 Catalogue
3636 1599 3734 1658 des
3762 1597 3975 1678 pierres
3999 1599 4228 1678 gravees
4256 1599 4327 1657 de
4355 1601 4414 1659 S.
4433 1601 4504 1658 A.

1029 1700 1085 1757 le
1111 1700 1315 1758 Prince
1344 1695 2060 1774 Stanislas-Poniatowsky.
2104 1696 2288 1753 Rome
2323 1696 2525 1770 1831.)
2591 1695 2731 1754 Noli
2757 1696 2998 1755 credere.
3061 1698 3170 1756 Est
3196 1697 3563 1777 mangonium
3593 1717 3738 1777 opus
3765 1697 4063 1776 scalptoris
4093 1697 4269 1756 nostri
4293 1698 4503 1757 saeculi.

1028 1799 1158 1860 Qua
1185 1798 1255 1857 de
1285 1818 1343 1856 re
1371 1797 1532 1877 plura
1559 1795 1673 1855 dixi
1700 1794 1759 1854 iu
1788 1793 1982 1852 libello
2011 1792 2327 1861 vernaculo,
2357 1793 2457 1870 qui
2483 1791 2838 1851 inscribitur:
2887 1802 2925 1827 “
2956 1795 3073 1853 Zur
3097 1795 3571 1854 Gemmenkunde
3592 1819 3612 1866 ς
3656 1795 3850 1854 antike
3889 1797 4281 1875 geschnittene
4308 1796 4504 1855 Steine

1026 1917 1154 1959 vom
1186 1897 1494 1957 Grabmahl
1523 1897 1623 1956 der
1650 1895 1893 1975 heiligen
1922 1891 2213 1951 Elisabeth
2245 1890 2302 1949 in
2331 1891 2624 1970 Marburg.
2666 1892 2829 1970 Lips.
2857 1904 2915 1950 et
2937 1892 3265 1976 Darmstad.
3303 1891 3511 1969 1834.’'
3554 1914 3612 1973 p.
3639 1895 3731 1953 16.
3750 1915 3833 1971 sq.
3864 1907 3925 1953 et
3954 1914 4010 1973 p.
4038 1912 4170 1968 144·
4194 1914 4278 1972 sq.

1113 1997 1248 2070 Cap.
1284 2015 1337 2053 2.
1379 1995 1500 2069 μηδὲ
1529 2002 1627 2052 ’νῦν
1650 1994 1830 2070 ἡμέρων
1855 1996 1982 2065 ζόαν
2007 1995 2103 2057 τὰς
2129 1996 2185 2048 ἐκ
2211 1997 2296 2048 τοῦ
2323 1994 2553 2064 caifa-aroc
2577 1994 2761 2067 τροφὰς
2793 1993 3078 2065 προσίεσθαι
3120 1991 3291 2065 λέγων.
3372 1990 3726 2069 Leopardius
3757 1991 3966 2050 Comes
4006 1990 4128 2050 baec
4170 1993 4462 2071 adscripsit
4486 2017 4500 2051 ;

1032 2101 1071 2127 “
1089 2091 1275 2152 Vertit
1306 2092 1530 2152 Ficinus
1562 2100 1579 2124 ‘
1602 2112 1732 2151 cum
1761 2109 1868 2149 nec
1896 2109 1963 2148 ex
1992 2087 2322 2147 animalium
2348 2106 2575 2166 quoque
2602 2099 3025 2145 mansuetorum
3055 2089 3384 2166 corporibus
3425 2106 3626 2167 capere
3666 2108 3728 2146 se
3769 2108 3956 2147 escam
3999 2089 4252 2148 diceret.’
4337 2097 4354 2123 ‘
4376 2091 4505 2159 Sed,

1029 2191 1091 2248 ni
1117 2190 1299 2260 fallor,
1328 2190 1634 2270 legendum
1664 2208 1831 2268 porro
1856 2188 2025 2263 μηδὲν,
2056 2185 2296 2255 nullum,
2324 2204 2426 2263 pro
2445 2186 2588 2258 μηδὲ,
2620 2204 2823 2262 neque,
2854 2196 2914 2243 et
2953 2185 3300 2244 reddendum
3323 2188 3359 2244 :⁹
3403 2192 3423 2217 ‘
3442 2186 3874 2245 Mansuetorum
3916 2187 4246 2245 animalium
4289 2187 4502 2247 nullum

1029 2288 1300 2347 alimenta
1326 2309 1394 2347 ex
1419 2307 1658 2367 corpore
1701 2305 1922 2345 sumere
1949 2285 2184 2352 dicens‚'
2217 2293 2232 2315 ‘
2253 2284 2394 2342 adeo
2422 2295 2487 2341 ut
2513 2282 2605 2341 hic
2633 2281 2837 2341 innuat
2863 2281 3123 2341 Plotinus
3152 2283 3361 2364 dogma
3385 2283 3458 2341 de
3483 2282 3829 2344 abstinentia
3870 2285 3943 2343 ab
3983 2285 4264 2356 animatis,
4292 2286 4363 2344 de
4389 2307 4503 2364 quo

1025 2398 1252 2444 exstant
1291 2386 1440 2445 lectu
1484 2386 1634 2444 haud
1674 2382 1908 2464 indigni,
1938 2380 2227 2442 Plutarchi
2253 2393 2314 2440 et
2338 2379 2633 2460 Porphyrii
2675 2379 2823 2440 libri.
2906 2381 3009 2440 Nil
3037 2393 3230 2441 tamen
3258 2381 3589 2440 immutavi.’
3613 2383 3647 2405 ’⁹
3729 2383 3809 2440 Et
3837 2396 3989 2441 recte
4018 2381 4169 2452 fecit,
4199 2383 4350 2461 quod
4378 2402 4503 2442 eam

1029 2490 1412 2562 conjecturam
1443 2502 1557 2541 non
1586 2481 1646 2540 in
1672 2480 1928 2540 ordinem
1954 2479 2180 2558 recepit.

1108 2614 1192 2624 —
1219 2602 1277 2658 p.
1300 2600 1401 2658 94.
1430 2580 1529 2640 lin.
1554 2599 1607 2657 5.
1638 2600 1672 2637 a
1700 2580 1794 2637 fin.
1824 2578 1911 2637 ed.
1931 2576 2149 2636 Fabrlc.
2182 2578 2282 2633 Καὶ
2308 2576 2479 2653 φήσας
2501 2579 2764 2652 πειρᾶσθαι
2791 2578 2850 2634 τὸ
2876 2582 2927 2634 ἐν
2953 2577 3068 2650 ἡμῖν
3094 2581 3216 2635 θεῖον
3241 2581 3447 2652 ἀνώγειν
3469 2580 3579 2655 πρὶς
3602 2579 3661 2635 τὸ
3687 2583 3738 2636 ἐν
3762 2589 3836 2652 τῷ
3858 2581 4010 2635 παντὶ
4036 2583 4177 2636 θεῖον.
4248 2579 4502 2659 Leopm'-

1029 2677 1156 2735 dius
1183 2699 1405 2757 quoque
1434 2679 1580 2736 hanc
1608 2676 1908 2736 lectionem
1939 2674 2163 2753 praefert
2189 2672 2268 2731 illi
2295 2673 2453 2732 alteri
2480 2697 2495 2732 ε
2538 2676 2624 2731 τὸν
2649 2680 2699 2731 δν
2725 2676 2839 2748 ἡμῖν
2867 2675 2989 2735 θεόν.

1119 2777 1253 2850 Cap.
1287 2795 1341 2851 3.
1377 2779 1459 2854 (p.
1484 2791 1583 2852 97.
1613 2774 1649 2832 l.
1674 2794 1730 2850 3.
1759 2794 1793 2832 a
1819 2774 1916 2831 fin.
1946 2773 2035 2831 ed.
2059 2773 2108 2830 F
2109 2770 2309 2848 abric.)
2343 2769 2576 2848 ’Ἔγραψε
2610 2773 2662 2829 δὲ
2697 2772 2823 2829 οὐδὲν
2854 2771 3159 2850 (Ὠριγένης)
3188 2775 3314 2843 πλὴν
3340 2776 3397 2831 τὸ
3430 2775 3535 2849 περὶ
3571 2780 3668 2830 τῢν
3695 2772 3925 2845 δαιμόνων
3952 2777 4282 2850 σύγγραμμα,
4311 2779 4398 2834 καὶ
4425 2780 4505 2835 ἐπὶ

1031 2875 1281 2942 Γαλιῆνου,
1310 2875 1386 2931 ὅτι
1425 2875 1560 2948 μόνος
1595 2875 1791 2943 ποιητὴς
1827 2876 1851 2929 ὃ
1892 2876 2149 2944 βασιλεύς.
2231 2873 2304 2928 G.
2326 2871 2394 2928 A.
2420 2869 2595 2949 Heigl
2637 2869 2696 2927 in
2738 2881 2933 2930 annot.
2963 2870 3021 2929 in
3055 2871 3352 2930 Plotinum
3387 2871 3652 2929 adversus
3678 2870 3986 2928 Gnosticos
4016 2890 4069 2949 p.
4097 2872 4190 2929 80.
4221 2872 4293 2930 ad
4320 2873 4506 2951 priora

1031 2972 1203 3029 verba
1241 2971 1362 3029 haec
1400 2971 1459 3028 in
1502 2969 1725 3028 uncinis
1766 2970 1957 3049 posuit
1978 2993 1994 3026 ι
2041 2977 2078 3002 “
2098 2969 2358 3026 Fortasse
2383 2969 2462 3025 ἐπὶ
2489 2972 2685 3026 Γάλλου
2712 2967 2783 3025 ab
2811 2988 2962 3027 anno
2988 2967 3198 3028 Christi
3228 2969 3465 3028 CCLII.
3494 2988 3674 3047 usque
3714 2968 3784 3026 ad
3813 2989 3865 3027 a.
3884 2966 4174 3027 CCLIV.''
4257 2969 4505 3049 Reliqua

1033 3066 1248 3127 intacta
1276 3067 1558 3147 relinquit,
1589 3088 1776 3147 neque
1803 3080 2078 3125 memorat
2104 3064 2431 3123 Ruhnkenii
2460 3065 2844 3140 conjecturam
2881 3085 3049 3146 super
3076 3068 3185 3126 hoc
3213 3067 3342 3127 loco
3370 3066 3828 3146 impeditissimo,
3857 3066 4083 3146 subjicit
4124 3081 4314 3127 tamen
4356 3069 4507 3128 haud

1033 3188 1242 3247 paucos
1271 3167 1606 3246 scriptorum
1634 3166 1812 3233 locos,
1842 3165 1993 3223 unde
2019 3161 2374 3242 intelligitur,
2403 3174 2463 3220 et
2490 3161 2673 3241 ipsum
2705 3161 2928 3231 vidisse,
2959 3166 3080 3223 haec
3107 3165 3275 3223 verba
3300 3165 3697 3244 philosopham
3739 3165 4084 3224 sententiam
4111 3163 4414 3238 includere,
4443 3181 4505 3226 ut

1032 3265 1220 3345 opifex
1249 3265 1446 3326 mundi
1477 3285 1571 3324 rex
1596 3263 1849 3340 ejusdem
1879 3261 2130 3331 dicatur;
2176 3280 2358 3339 neque
2385 3280 2536 3328 vero,
2566 3262 2612 3318 si
2643 3259 2872 3319 Gallum
2902 3280 3004 3340 pro
3033 3261 3296 3321 Gallieno
3324 3282 3525 3342 ponas,
3555 3262 3646 3322 hic
3689 3262 3845 3324 locus
3887 3262 4050 3323 aliter
4084 3263 4265 3344 accipi
4301 3277 4505 3345 potest,

1032 3367 1259 3446 quando
1288 3366 1348 3424 in
1378 3365 1548 3424 Gallo
1574 3366 1924 3443 Imperatore
1951 3380 2121 3420 nemo
2148 3358 2428 3439 poeticam
2457 3358 2785 3417 facultatem
2814 3378 3117 3438 agnoscere
3141 3373 3202 3418 et
3223 3360 3505 3420 celebrare
3532 3374 3771 3441 poterat.
3815 3362 4000 3440 Hujus
4022 3381 4149 3420 vero
4179 3362 4505 3422 mutationis

1035 3464 1187 3524 nulla
1215 3463 1359 3522 ratio
1387 3477 1492 3533 est,
1524 3482 1707 3540 neque
1733 3461 1881 3521 ullus
1909 3460 2051 3518 liber
2077 3459 2315 3536 scriptus
2341 3458 2394 3516 ei
2421 3454 2763 3531 conjecturae
2787 3457 3189 3536 patrocinatur,
3219 3479 3284 3518 ac
3318 3459 3486 3539 plane
3515 3480 3735 3519 mecum
3764 3459 3900 3518 facit
3926 3460 4295 3537 Leopardius,
4324 3459 4417 3538 qui
4446 3474 4507 3519 et

1033 3562 1155 3640 ipse
1181 3562 1239 3619 in
1268 3560 1378 3620 illis
1408 3561 1588 3619 verbis
1616 3560 2010 3640 philosopham
2041 3555 2380 3616 sententiam
2410 3556 2611 3625 inesse,
2638 3575 2820 3634 neque
2846 3568 3037 3614 tamen
3065 3558 3124 3614 in
3156 3555 3399 3615 lectione
3426 3557 3731 3636 quidquam
3763 3557 4096 3616 mutandum
4126 3570 4334 3617 censet.
4388 3560 4505 3617 Ve-

1034 3681 1155 3719 rum
1186 3660 1332 3719 sicut
1359 3660 1674 3718 adulatores
1702 3656 2026 3716 Gallienum
2055 3675 2188 3714 cum
2219 3653 2444 3712 Catullo
2471 3657 2881 3732 comparabant
2906 3667 2965 3713 et
2991 3655 3114 3713 sine
3153 3658 3355 3714 rubore
3389 3676 3717 3735 comparare
3757 3667 4039 3734 poterant,
4059 3653 4255 3729 judice
4281 3656 4506 3734 quidem

1033 3759 1308 3817 Eckhelio
1331 3758 1393 3815 in
1413 3758 1693 3816 Doctrina
1709 3757 1978 3813 Numorr.
2004 3765 2201 3811 veterr.
2220 3753 2358 3812 vn.
2381 3773 2436 3830 p.
2450 3772 2589 3828 407.
2620 3750 2700 3810 ita
2727 3755 2875 3831 turpi
2908 3751 3227 3831 ignorantia
3247 3753 3458 3812 Catulli
3486 3754 3758 3832 aequalem
3788 3753 4051 3831 perhibet
4071 3767 4269 3817 auctor
4298 3754 4506 3814 Scholii

1036 3855 1298 3934 adscripti
1328 3856 1399 3913 ad
1428 3854 1638 3913 Catulli
1663 3851 2109 3931 Epithalamium
2139 3871 2226 3910 nr.
2247 3852 2343 3908 62.
2374 3852 2433 3907 in
2462 3850 2660 3909 codice
2692 3848 3190 3930 Heidelbergensi:
3239 3860 3276 3884 “
3299 3851 3552 3910 Valerius
3581 3852 3840 3911 Catullus
3881 3854 4120 3931 scriptor
4155 3851 4360 3932 lyricus
4390 3854 4506 3911 Ve-

1035 3973 1188 4010 ronae
1217 3952 1464 4011 nascitur
1490 3949 1828 4030 Olympiade
1854 3948 2164 4009 centesima
2202 3946 2549 4027 sexagesima
2577 3947 2742 4006 tertia
2770 3967 2921 4005 anno
2949 3960 3083 4006 ante
3111 3962 3304 4007 natum
3337 3948 3643 4008 Salustium
3674 3949 3960 4029 Crispum,
3994 3948 4153 4008 ducis
4180 3950 4350 4009 Marii
4380 3950 4505 4030 Syl·

1033 4051 1212 4127 laeque
1241 4050 1609 4128 temporibus,
1639 4067 1745 4125 quo
1772 4050 1859 4105 die
1888 4049 2140 4105 Photinus
2169 4048 2430 4104 Latinam
2457 4046 2814 4103 Rhetoricam
2834 4049 3046 4121 primus
3075 4047 3263 4105 Romoe
3289 4045 3527 4104 docuit.'’
3612 4051 3697 4106 Ac
3736 4066 3811 4106 ne
3853 4046 4076 4105 dubites
4107 4047 4505 4127 Lycopolitam

1034 4146 1331 4226 designari,
1361 4147 1546 4227 pergit
1571 4145 1914 4206 Scholiastes
1956 4144 2016 4203 in
2058 4142 2460 4221 sequentibus:
2510 4149 2551 4177 “
2575 4142 2830 4201 Plotinus
2871 4144 3184 4203 secundum
3223 4143 3579 4203 Macrobium
3622 4148 3768 4203 inter
3786 4147 4144 4221 philosophie
4179 4147 4508 4224 professores

1036 4265 1156 4303 cum
1187 4246 1425 4302 Platone
1447 4249 1711 4321 princeps,
1738 4245 1810 4302 de
1836 4262 1949 4321 quo
1975 4240 2321 4322 Augustinus
2361 4240 2504 4299 libro
2532 4259 2687 4298 nono
2715 4242 2900 4318 capite
2929 4241 3170 4311 decimo,
3211 4244 3309 4318 [de
3336 4241 3558 4301 civitate
3582 4242 3727 4318 Dei]
3761 4242 4038 4311 Plotinus,
4069 4243 4270 4321 inquit,
4301 4257 4508 4303 nostrae

1035 4340 1320 4400 memoriae
1346 4340 1538 4400 vicinis
1570 4341 1665 4418 [al.
1698 4340 1934 4414 vicinus]
1965 4338 2317 4417 temporibus
2348 4338 2645 4395 Platonem
2676 4338 2877 4396 ceteris
2905 4340 3271 4399 excellentius
3306 4339 3647 4400 intellexisse
3685 4340 3995 4401 laudatur.”
4078 4341 4233 4404 Quid
4257 4342 4461 4420 quaeris
4487 4346 4507 4399 ἒ

1033 4437 1387 4517 Olympiadis
1417 4439 1631 4497 mentio
1657 4438 1876 4497 videtur
1901 4458 1970 4497 ex
1995 4435 2363 4515 chronologia
2387 4434 2577 4513 aliqua
2605 4434 2790 4494 Graeci
2816 4437 3105 4515 scriptoris
3140 4438 3376 4496 hausta:
3422 4438 3636 4516 reliqua
3663 4438 3896 4498 mirifice
3924 4439 4282 4498 conturbavit
4307 4456 4507 4519 stupor

1033 4536 1228 4595 Latini
1258 4534 1573 4614 magistelli,
1602 4535 1696 4613 qui
1723 4555 1854 4594 cum
1883 4533 2097 4593 Plotini
2124 4552 2336 4592 nomen
2366 4532 2555 4592 Latini
2590 4532 2836 4592 hominis
2872 4553 2995 4592 esse
3032 4534 3374 4614 opinaretur,
3404 4537 3669 4595 Latinam
3700 4536 3883 4616 ipsum
3910 4537 4274 4596 Rhetoricam
4303 4540 4506 4598 Romae

1034 4636 1332 4693 docentem
1362 4632 1511 4702 facit,
1539 4633 1805 4710 itemque,
1836 4653 1967 4692 cum
1996 4630 2257 4701 Gallieni,
2286 4651 2455 4709 quem
2497 4632 2733 4691 fortasse
2773 4631 3012 4691 alterum
3043 4633 3327 4692 Catullum
3372 4633 3536 4693 aulici
3581 4634 3996 4705 dictitaverunt,
4025 4637 4298 4714 aequalem
4330 4637 4509 4696 Ploti-

1035 4753 1171 4791 num
1204 4730 1372 4789 fuisse
1400 4728 1662 4797 audisset,
1694 4730 1846 4788 hunc
1874 4729 2273 4809 philosophum
2302 4729 2474 4808 ipsius
2494 4729 2705 4788 Catulli
2734 4729 2823 4789 die
2851 4731 3023 4789 natali
3050 4732 3250 4790 Romae
3280 4731 3527 4791 scholam
3558 4733 3843 4811 aperuisse
3871 4733 3976 4792 sibi
3996 4733 4292 4812 persuasit,
4325 4755 4508 4813 neque

1035 4832 1136 4889 has
1164 4828 1402 4907 ineptias
1433 4826 1757 4885 Catulliano
1782 4826 2015 4885 carmini
2046 4827 2351 4907 adpingere
2378 4828 2673 4887 dubitavit.

1107 4929 1240 5001 Cap.
1268 4927 1369 4984 IV.
1405 4928 1485 5003 (p.
1509 4944 1607 5002 99.
1638 4924 1677 4983 l.
1703 4943 1792 4999 14.
1822 4944 1855 4982 a
1879 4925 2001 4998 fin.)
2032 4930 2234 5001 γράψας
2259 4928 2534 5001 εὑρίσκεται
2564 4925 2712 4984 εἴκοσι
2741 4927 2826 4984 καὶ
2852 4923 2905 4983 ἓν
2930 4928 3140 4996 βιβλίον.
3185 4926 3386 4987 δυίἀεε
3413 4928 3471 4986 in
3498 4937 3743 4996 Πλωτῖνος
3776 4934 3858 5008 (p.
3881 4946 4059 5007 3015.
4088 4931 4176 4989 ed.
4196 4929 4504 5005 Galsford.)

1034 5037 1398 5104 posteaquam
1427 5022 1834 5103 quinquaginta
1875 5034 1933 5080 et
1973 5035 2211 5100 quatuor
2250 5022 2518 5081 librorum
2549 5022 2759 5081 Plotini
2795 5023 2851 5081 in
2881 5023 3182 5082 Enneades
3224 5024 3655 5086 distributorum
3701 5026 4052 5085 mentionem
4093 5028 4242 5097 fecit,
4273 5028 4502 5107 adjicit:

1025 5121 1256 5200 Ἔγραψε
1295 5122 1346 5180 δὲ
1386 5125 1472 5179 καὶ
1511 5121 1674 5180 ἄλλα.
1758 5121 1892 5180 Hoc
1935 5120 2084 5178 unde
2125 5118 2404 5197 acceperit
2431 5118 2908 5199 Lexicographus,
2939 5141 3137 5199 parum
3167 5135 3434 5191 constat;
3479 5143 3663 5202 neque
3691 5124 4032 5202 Porphyrius
4059 5124 4279 5184 videtur
4305 5139 4509 5203 praeter

1032 5220 1334 5278 Enneades
1363 5217 1683 5278 Plotiniana
1710 5220 1924 5298 scripta
1950 5217 2061 5275 alia
2089 5238 2410 5297 agnoscere.
2454 5220 2566 5278 Sed
2596 5233 2787 5278 tamen
2817 5239 2946 5277 cum
2978 5218 3128 5277 idem
3158 5220 3214 5278 h.
3239 5219 3277 5278 l.
3309 5223 3583 5280 contiuuo
3612 5222 3833 5301 prodat,
3857 5221 3996 5280 alios
4024 5221 4186 5281 aliter
4207 5223 4309 5281 hos
4335 5223 4506 5281 libros

1034 5316 1404 5394 inscripsisse,
1433 5328 1696 5394 poterant
1721 5314 2061 5395 posteriores
2091 5334 2195 5393 pro
2225 5315 2452 5374 diversis
2480 5315 2638 5376 libris
2663 5318 2872 5376 habere
2901 5337 3075 5375 unum
3105 5319 3480 5398 eundemque.
3524 5321 3729 5398 Neque
3757 5338 3885 5378 vero
3915 5339 4031 5378 non
4062 5321 4365 5379 tenendum
4395 5333 4505 5387 est,

1032 5413 1184 5490 quod
1212 5410 1344 5469 alibi
1369 5412 1439 5469 ad
1470 5413 1568 5470 has
1594 5414 1895 5474 Enneades
1938 5411 2154 5484 monui,
2184 5431 2474 5475 occurrere
2513 5414 2647 5475 hinc
2682 5415 2819 5474 inde
2859 5415 3174 5476 sententias
3215 5417 3533 5496 placitaque
3562 5418 3794 5479 Plotino
3834 5418 4125 5490 attributa,
4155 5439 4279 5498 quae
4319 5418 4378 5478 in
4421 5420 4510 5481 his

1035 5507 1403 5569 Enneadibus
1433 5529 1548 5570 non
1578 5510 1860 5588 leguntur.
