5118 6613
1093 558 1214 627 192

1090 735 1341 780 lurion
1380 731 1458 777 or
1499 732 1837 776 111100111Νο
1878 732 1960 776 το
1993 711 2141 777 »εἶ’
2228 711 2339 776 Tu
2384 733 2531 775 vero
2574 709 2787 774 confer

1091 839 1239 883 cum
1269 814 1388 881 hoc
1414 811 1551 879 loeo
1580 812 1813 880 Plotini
1856 812 1991 879 haec
2019 813 2342 879 Hermetis
2369 836 2470 902 ap.
2507 813 2684 879 Stob.
2715 835 2784 900 p.

1098 920 1242 1005 256.
1286 918 1508 996 Heer.,
1540 914 1649 981 ubi
1688 915 1769 980 de
1799 915 2003 981 tribus
2031 915 2439 1004 temporibus,
2468 913 2784 1004 praesenti,

1093 1019 1434 1109 proeteritO,
1456 1018 1708 1083 futuro:
1739 1016 1863 1086 *Ος
1888 1021 2005 1102 γὰρ
2033 1018 2149 1103 οὐχ
2170 1019 2383 1099 ἔστηκε
2407 1018 2601 1101 ῥοπὴν
2629 1017 2786 1102 ἔχων

1096 1124 1234 1190 οὐδὲ
1263 1121 1505 1205 κέντρου
1524 1121 1714 1202 μονὴν
1740 1122 1976 1206 χρόνος,
2004 1127 2128 1191 πὸς
2156 1122 2411 1189 ἐνεστὼς
2435 1120 2588 1186 εἶναι
2609 1119 2786 1203 λέγε-

1096 1253 1212 1302 ται,
1243 1229 1277 1291 6
1303 1226 1450 1307 μηδὲ
1481 1223 1728 1289 ἑστάναι
1765 1222 2122 1305 δυνάμενοςς
2172 1224 2270 1290 καὶ
2309 1223 2494 1289 πάλιν
2533 1226 2568 1288 6
2612 1248 2791 1306 παρε-

1093 1330 1384 1412 ληλυθὸς,
1438 1325 1755 1392 συνάπτων
1806 1330 1887 1413 τῷ
1940 1328 2239 1402 ἐνεστῶτι,
2291 1327 2388 1392 καὶ
2430 1329 2464 1391 6
2513 1327 2786 1400 ἐνεστὼς,

1096 1431 1412 1498 συνάπτων
1439 1434 1520 1516 τῷ
1561 1428 1868 1509 μέλλοντι,
1902 1430 1986 1498 εἷς
2025 1431 2315 1514 γίγνεται,
2347 1431 2418 1495 οὗ
2450 1433 2568 1512 γὰρ
2609 1430 2788 1514 χωρὶς

1097 1535 1287 1600 αὐτῶν
1317 1536 1436 1598 εἰσι
1470 1535 1541 1612 τῇ
1589 1532 1914 1612 ταυτότητι,
1956 1535 2026 1613 τῇ
2073 1534 2321 1614 ἑνότητι,
2367 1535 2439 1612 τῇ
2483 1533 2784 1617 συνεχεία-

1096 1639 1267 1704 Οὕτω
1300 1636 1396 1702 καὶ
1437 1634 1693 1718 συνεχὴς
1721 1634 1817 1699 καὶ
1856 1635 2100 1703 διεστὸς
2137 1638 2426 1720 γίγνεται,
2460 1635 2544 1702 εἷς
2578 1634 2663 1699 ὢν
2693 1633 2788 1698 καὶ

1094 1744 1128 1807 6
1157 1741 1332 1808 αὑτὸς
1360 1742 1394 1804 6
1421 1740 1659 1824 χρόνος.

1179 1866 1242 1932 p.
1273 1844 1424 1928 615,
1461 1862 1560 1906 10.
1601 1840 1691 1905 Τὸ
1751 1843 1816 1905 δὲ
1865 1840 2367 1923 παρακολούθημα
2422 1839 2631 1924 λέγειν
2685 1844 2787 1921 τῆς

1092 1946 1402 2035 κινήσεως]
1452 1943 1637 2009 Venit
1687 1942 1768 2008 ad
1818 1944 2097 2032 Epicuri
2140 1941 2564 2008 definitionem
2614 1942 2787 2031 judi-

1092 2049 1351 2116 candam
1403 2046 1812 2137 philosophus
1859 2061 2091 2112 noster.
2161 2044 2302 2110 Vid.
2349 2069 2539 2134 supra
2585 2045 2666 2111 ad
2717 2068 2783 2134 p.

1091 2173 1240 2240 331.
1277 2153 1352 2216 Β.

1162 2280 1226 2344 p.
1244 2255 1394 2333 616‚
1412 2273 1479 2340 5.
1506 2256 1587 2321 εἷς
1609 2255 1839 2334 ἐκείνην
1858 2252 1966 2333 τὴν
1986 2251 2274 2329 διάθεσιν,
2297 2251 2373 2331 ἦν
2402 2251 2499 2316 ἐπὶ
2519 2256 2626 2316 τοῦ
2645 2254 2782 2317 alini-

1094 2386 1194 2428 νος
1223 2357 1515 2442 ἐλέγομεν
1545 2356 1724 2440 εἶναι]
1776 2355 1922 2420 Vid.
1952 2378 2142 2444 supra
2177 2379 2233 2421 c.
2266 2356 2386 2420 IV.
2415 2378 2483 2443 p.
2513 2354 2661 2440 328.
2693 2378 2784 2442 sq.

1093 2463 1195 2530 Cf.
1227 2461 1489 2528 Proclus
1517 2459 1580 2524 in
1623 2457 1850 2523 Theol.
1886 2456 2054 2524 Plat.
2087 2458 2229 2523 111.
2270 2456 2365 2521 18.
2397 2479 2463 2544 p.
2499 2476 2638 2542 149.
2674 2456 2784 2521 ubi

1090 2581 1154 2631 et
1197 2563 1338 2643 alia,
1368 2586 1514 2651 quae
1552 2583 1743 2649 supra
1786 2558 2132 2647 attigimus,
2176 2575 2241 2624 et
2282 2557 2785 2639 Βωοε-μᾶλλον

1086 2670 1205 2750 μὴν
1234 2670 1383 2733 κατὰ
1403 2666 1471 2731 τὸ
1493 2667 1738 2746 ἄπειρον
1765 2666 1799 2728 6
1823 2665 1968 2728 αἰὼν
1989 2663 2494 2747 χαρακτηρίζεται·
2544 2664 2639 2727 καὶ
2668 2665 2784 2746 γὰρ

1087 2773 1196 2836 τὸν
1225 2773 1471 2851 ἄπειρον
1497 2769 1720 2851 χρόνον
1749 2769 1817 2831 ἐν
1846 2768 2032 2853 ἑαυτῷ
2063 2764 2329 2848 περιέχει
2359 2793 2412 2829 κ.
2430 2790 2482 2828 τ.
2500 2771 2562 2829 λ.
2593 2764 2677 2829 cf.
2704 2766 2780 2830 V.

1088 2893 1195 2961 30.
1227 2893 1290 2959 p.
1322 2890 1474 2956 311.
1550 2869 1795 2933 Locum
1841 2891 2035 2957 supra
2076 2866 2334 2933 exhibui
2378 2866 2498 2932 sub
2524 2867 2633 2931 fin.
2667 2889 2782 2932 an·

1091 2989 1248 3040 nott.
1278 2973 1359 3039 ad
1392 2970 1851 3059 inscriptionem
1894 2971 2087 3058 hujus
2135 2968 2277 3035 libri
2307 2969 2386 3034 ad
2417 2992 2483 3058 p.
2512 2988 2664 3055 325.
2697 2972 2781 3035 A.

1092 3077 1274 3144 Idem
1317 3075 1385 3140 in
1428 3073 1788 3139 Parmenid.
1834 3075 1920 3139 Τ.
1954 3072 2071 3137 v1.
2104 3095 2170 3161 p.
2208 3091 2348 3137 102.
2378 3072 2478 3137 ed.
2523 3071 2779 3138 Cousin.

1091 3182 1190 3246 καὶ
1225 3183 1259 3245 6
1299 3179 1445 3245 αίὸν
1481 3177 1721 3259 ἄπειρος
1763 3180 1859 3242 διὰ
1898 3175 2006 3256 τὴν
2042 3175 2239 3259 πηγὴν
2282 3179 2382 3255 τῆς
2431 3177 2716 3258 ἀπειρίας,
2747 3176 2785 3256 ἦ

1091 3286 1188 3352 καὶ
1215 3283 1445 3350 οὐσίαις
1476 3280 1696 3348 πάσαις
1725 3280 1820 3346 καὶ
1849 3278 2134 3362 δυνάμεσι
2180 3279 2276 3344 καὶ
2320 3280 2645 3362 ἐνεργείαις
2690 3280 2784 3345 καὶ

1088 3388 1380 3471 περιόδοις
1420 3384 1514 3449 καὶ
1561 3383 1880 3467 γενέσεσιν
1930 3382 2160 3448 ἄνωθεν
2201 3387 2455 3466 χορηγεῖ
2491 3382 2561 3446 τὸ
2606 3382 2781 3446 ἀνέκ-

1088 3500 1353 3556 λειπτον·
1404 3488 1499 3552 καὶ
1534 3484 1710 3570 μέχρι
1752 3487 1964 3566 ταύτης
2006 3486 2239 3550 ἀνιοῦσι
2280 3485 2376 3549 καὶ
2417 3484 2534 3548 ἀπὸ
2573 3486 2783 3564 ταύτης

1091 3597 1393 3660 κατιοῦσιν
1420 3591 1456 3670 ἡ
1484 3595 1602 3654 τῶν
1632 3591 1890 3673 ἀπείρων
1918 3615 1953 3653 τ
2027 3614 2097 3656 ις.
2139 3586 2445 3652 Boethius
2483 3585 2564 3650 de
2610 3587 2778 3650 Con-

1087 3694 1195 3763 801.
1239 3692 1409 3760 Phil.
1461 3692 1538 3755 V.
1587 3691 1648 3755 6.
1698 3704 1839 3778 post
1883 3688 2060 3754 init.:
2110 3697 2154 3729 “
2185 3688 2533 3754 AEternitas
2583 3689 2778 3777 igitur

1088 3814 1182 3864 est
1234 3791 1707 3873 interminabilis
1756 3793 1905 3858 vitae
1964 3806 2096 3858 tota
2153 3790 2336 3857 simul
2389 3805 2452 3857 et
2504 3792 2783 3880 perfecta

1086 3896 1444 3988 possessi0.”

1175 4039 1259 4051 —
1294 4000 1352 4064 8.
1407 3999 1811 4080 (χρόνος-γε
1861 3996 1968 4060 οὐκ
2022 3995 2160 4085 ἧν)]
2210 3998 2376 4061 Haec
2432 3994 2786 4084 parenthesi

1093 4101 1469 4169 includenda
1497 4099 1676 4175 duxi,
1706 4121 1859 4186 qun,
1891 4121 2036 4185 quae
2074 4114 2448 4185 sequuntur,
2490 4101 2782 4182 γευυησό-

1091 4232 1275 4288 μενον
1305 4233 1357 4270 κ.
1379 4231 1431 4269 τ.
1460 4211 1522 4266 λ.
1553 4217 1720 4265 arcte
1749 4215 2260 4266 connecterentur
2281 4224 2425 4266 cum
2458 4201 2789 4289 superiori-

1090 4311 1212 4375 bus
1234 4313 1330 4373 δεῖ
1351 4309 1680 4388 ἀναγαγεῖν
1708 4305 1856 4383 ἡμᾶς
1885 4306 2072 4371 είς-.
2130 4306 2428 4370 Ceterum
2440 4304 2626 4392 juvat
2657 4304 2721 4368 h.
2740 4304 2785 4370 l.

1094 4432 1407 4500 apponere
1440 4405 1898 4472 annotationem
1942 4405 2268 4495 Tayloris:
2319 4415 2365 4447 ‘⁴
2407 4408 2649 4484 Time,''
2702 4406 2788 4471 ait

1094 4516 1218 4591 ille,
1254 4521 1298 4554 “
1327 4535 1402 4577 as
1432 4512 1567 4575 well
1596 4532 1670 4574 as
1697 4509 1797 4573 the
1827 4509 2042 4589 world,
2071 4512 2131 4575 ie
2162 4509 2309 4574 said
2336 4518 2397 4574 to
2439 4509 2599 4573 have
2641 4510 2788 4574 been

1087 4616 1456 4709 generated,
1505 4621 1614 4677 not
1658 4614 1912 4678 because
1959 4614 2015 4677 it
2058 4634 2205 4678 once
2250 4633 2381 4676 was
2417 4621 2549 4693 not,
2568 4613 2702 4699 fir
2734 4614 2790 4677 it

1095 4723 1335 4806 always
1383 4717 1644 4796 existed,
1689 4717 1799 4780 but
1843 4717 2096 4781 because
2143 4718 2197 4781 it
2242 4715 2513 4803 depends
2532 4717 2667 4803 fir
2702 4717 2787 4780 its

1097 4825 1472 4891 subsistence
1496 4842 1578 4885 on
1606 4839 1823 4883 causes
1845 4819 2172 4905 naturauy
2191 4820 2384 4905 prior
2414 4826 2475 4882 to
2501 4818 2731 4905 ²⁶²⁸CW

1185 4963 1266 4977 —-
1307 4946 1403 4990 10.
1448 4920 1940 5001 ὅπως-ἐξέπεσε
1996 4921 2239 5009 χρόνος]
2298 4919 2425 4998 Qui
2469 4919 2791 5008 sequentia

1097 5030 1388 5116 deinceps
1413 5025 1655 5113 legerit,
1687 5022 1899 5088 nullus
1928 5022 2241 5088 dubitabit
2270 5023 2333 5087 in
2360 5022 2550 5087 verbo
2582 5024 2784 5088 ἑκπίπ-

1097 5161 1221 5201 τειν
1260 5128 1637 5197 desciscendi
1678 5126 2222 5216 degener-audique
2264 5139 2633 5213 potestatem
2659 5124 2722 5189 h.
2744 5125 2788 5189 l.

1097 5241 1316 5305 inesse.
1408 5237 1552 5313 Qua
1594 5231 1673 5296 de
1717 5228 2159 5318 significatione
2203 5227 2388 5318 plura
2423 5229 2790 5294 Palairetus

1099 5347 1162 5410 in
1195 5344 1502 5409 Observv.
1536 5336 1787 5403 Philon.
1818 5353 1881 5402 et
1911 5336 2098 5403 Critt.
2129 5360 2194 5425 p.
2223 5351 2370 5422 522.
2394 5335 2501 5419 (ad
2536 5339 2786 5421 Apoca-

1099 5447 1259 5534 lyPS.
1293 5445 1389 5509 II.
1421 5463 1500 5528 5:
1548 5442 1877 5523 μνημόνευε
1922 5441 2105 5504 πόθεν
2159 5439 2585 5523 ἑκπέπτωκας.)
2637 5438 2790 5502 Phi-

1096 5552 1391 5618 lostratus
1428 5549 1552 5614 vit.
1597 5544 1920 5636 Apollonii
1961 5546 2034 5609 V.
2070 5561 2127 5629 7.
2161 5568 2225 5634 p.
2267 5565 2405 5631 193·
2455 5544 2662 5611 Olear.
2711 5545 2790 5611 de

2050 536 2892 604 ANNOTATIONES
2956 534 3069 600 IN
3140 531 3594 599 PLOTINI

2871 707 3123 773 Nerone
3145 709 3466 771 ε-ἑαυτοΰ
3486 708 3551 770 δὲ
3581 704 3676 770 καὶ
3701 702 4007 787 Ῥωμαίων
4027 704 4209 772 οὕτως
4231 705 4552 779 ἐκπίπτειν,

2871 812 2949 880 ὥς
2975 812 3109 876 ἀντὶ
3147 814 3251 875 τοῦ
3293 814 3636 890 νομοθετεῖν
3675 809 3889 889 νόμους
3931 805 4116 892 ᾅδειν,
4162 807 4259 872 καὶ
4296 807 4559 890 ἀγείρειν

2873 914 2993 998 (ita
3033 912 3246 980 Olear.
3276 935 3355 978 ex
3385 910 3591 977 Codd.
3638 933 3756 999 pro
3792 915 4179 994 φιλοσοφεῖν.
4272 911 4354 975 In
4396 908 4562 976 cod.

2876 1018 3344 1086 Schellershem.
3385 1017 3568 1105 cujus
3608 1015 3901 1082 lectiones
3938 1030 4216 1081 enotatas
4255 1014 4480 1096 habeo,
4520 1038 4560 1080 a

2876 1121 3148 1188 secunda
3174 1143 3363 1186 manu
3405 1119 3706 1208 scriptum
3751 1120 4031 1202 ἀγείρειν,
4059 1117 4268 1183 deleto
4303 1126 4558 1202 φιλοσο·

2876 1231 3037 1310 φεῖν.
3129 1226 3252 1291 Est
3291 1223 3486 1312 igitur
3535 1222 3635 1288 hic
3677 1224 3850 1287 locus
3890 1220 4219 1287 addendus
4262 1220 4359 1299 iis,
4401 1243 4562 1308 quos

2874 1328 3179 1417 congessit
3201 1326 3621 1394 Ruhnkenius
3640 1325 3722 1391 ad
3752 1326 3924 1391 Tim.
3948 1324 4108 1390 Lex.
4137 1323 4303 1390 Plat.
4333 1347 4402 1411 p.
4430 1326 4561 1408 10.)

2873 1430 3220 1497 Ἐκπίπτειν
3246 1434 3348 1511 τῆς
3386 1430 3756 1510 εὐδαιμονίας
3792 1430 4022 1493 Noster
4046 1426 4181 1515 ipse
4212 1428 4269 1492 I.
4301 1447 4366 1507 4.
4400 1443 4461 1509 7.
4501 1437 4563 1490 et

2872 1533 3095 1600 similia
3119 1533 3289 1613 alibi,
3316 1557 3464 1622 quae
3490 1531 3700 1620 attigit
3730 1533 3961 1598 Coraes
4001 1529 4067 1594 in
4110 1528 4416 1596 Ἀτάκτοις
4458 1529 4556 1595 11.

2873 1661 3020 1727 pag.
3056 1639 3201 1726 263.
3232 1660 3325 1724 sq.

2958 1779 3048 1792 —
3082 1760 3181 1808 11.
3228 1736 3365 1805 ἀλλ’
3395 1741 3541 1805 ἴσως
3580 1737 3635 1812 δ,
3678 1739 3842 1819 εἴπερ
3877 1735 4038 1817 ἦσαν
4076 1736 4173 1799 καὶ
4214 1736 4277 1798 αἱ
4320 1738 4562 1800 Μοῦσαι

2870 1848 3031 1932 τότε]
3088 1846 3157 1912 Si
3191 1844 3375 1911 lectio
3407 1866 3558 1908 vera
3583 1855 3701 1923 est,
3731 1842 3990 1907 fortasse
4032 1854 4174 1929 post
4211 1839 4245 1905 δ
4289 1839 4562 1927 cogitan-

2871 1950 3024 2014 dum
3057 1947 3317 2033 ἐγένετο.
3407 1948 3634 2034 Neque
3662 1945 3747 2011 sic
3776 1959 3981 2010 tamen
4012 1942 4376 2009 commodus
4419 1966 4556 2009 sen-

2872 2074 2978 2117 sus
3014 2050 3309 2116 nascitur.
3401 2051 3692 2115 Fortasse
3738 2046 4113 2135 legendum:
4162 2046 4257 2112 καὶ
4301 2050 4445 2116 ἴσως
4487 2048 4560 2112 αὖ

2870 2156 2913 2219 i.
2931 2179 3024 2220 e.:
3075 2153 3200 2220 Sed
3255 2163 3476 2219 contra
3519 2153 3779 2218 fortasse
3834 2150 4007 2216 haud
4056 2149 4266 2238 inepte
4312 2149 4560 2215 vocabit

2875 2258 3120 2335 Musas,
3150 2255 3457 2343 siquidem
3488 2253 3672 2320 etiam
3702 2268 3853 2318 tunc
3891 2254 4101 2318 Musoe
4139 2267 4333 2317 erant.
4402 2254 4554 2317 Mu-

2873 2383 3082 2425 sarum
3125 2373 3336 2425 autem
3374 2357 3824 2423 invocationem
3853 2355 3920 2420 h.
3946 2355 3990 2420 l.
4022 2354 4347 2420 memorari
4375 2377 4561 2443 prop-

2874 2477 3062 2542 terea,
3093 2461 3268 2550 quod
3298 2462 3619 2526 Homerus
3645 2457 3995 2546 reliquique
4025 2472 4195 2523 vates
4226 2461 4562 2546 Cosmogo-

2872 2566 3037 2631 niam
3069 2580 3133 2631 et
3158 2588 3306 2653 quae
3332 2587 3469 2629 eam
3498 2562 3954 2651 praecedebant,
3990 2562 4347 2638 Musarum,
4368 2563 4556 2627 Mne-

2873 2691 3160 2757 mosyncs
3201 2667 3492 2745 filiarum,
3537 2689 3657 2755 ope
3706 2689 3770 2730 se
3813 2687 4031 2730 canere
4076 2688 4256 2751 posse
4296 2664 4559 2729 affirma-

2871 2770 3048 2850 bant,
3080 2793 3202 2835 non
3247 2785 3340 2835 est
3380 2769 3552 2856 quod
3596 2789 3929 2855 exponam.
4012 2768 4257 2854 Taylor
4293 2766 4374 2832 ad
4417 2767 4485 2832 h.
4511 2766 4554 2832 l.

2870 2871 3055 2937 dicit:
3106 2873 3351 2949 Musas,
3381 2885 3695 2958 quatenus
3733 2868 3799 2933 in
3829 2867 4127 2957 Apolline
4162 2868 4307 2947 sint,
4338 2869 4466 2933 sive
4492 2868 4554 2932 in

2870 2972 3271 3040 intellectuali
3325 2996 3533 3038 rerum
3593 2972 3831 3052 ordine,
3879 2987 4025 3037 ante
4082 2987 4329 3060 tempus
4384 2995 4552 3037 esse:

2872 3091 3182 3164 quatenus
3227 3098 3377 3140 vero
3417 3091 3665 3162 tempus
3708 3090 3979 3162 ponatur
4029 3072 4271 3137 initium
4317 3097 4555 3161 capere,

2871 3183 3117 3260 Musas,
3158 3179 3500 3245 secundum
3542 3177 3921 3243 mundanam
3966 3177 4241 3266 ipsarum
4270 3178 4553 3243 substan-

2869 3286 3041 3364 tiam,
3087 3308 3210 3351 non
3252 3283 3536 3365 existere,
3577 3281 3942 3371 priusquam
3988 3298 4236 3372 tempus
4276 3280 4558 3370 genitum

2869 3403 2967 3454 Slt.

2953 3514 3014 3580 p.
3049 3490 3197 3574 617,
3236 3510 3258 3555 l
3282 3510 3336 3554 1.
3382 3495 3615 3572 πρῶτον
3646 3490 3760 3570 μὲν
3791 3489 4004 3568 ἑαυτὴν
4034 3488 4335 3572 ἑχρόνωσε
4367 3486 4558 3569 (adde

2869 3592 3176 3678 Lexicis),
3235 3592 3440 3657 ἔπειτα
3497 3594 3563 3656 δὲ
3610 3592 3704 3656 καὶ
3761 3596 3841 3678 τῷ
3899 3590 4203 3676 γενομένῳ
4265 3590 4336 3673 (i.
4367 3614 4424 3654 e.
4477 3596 4558 3677 τῷ

2870 3699 3069 3783 κόσμῳ
3099 3700 3179 3782 τῷ
3220 3699 3509 3781 αἰσθητῷ)
3544 3695 3723 3758 ἔδωκε
3752 3696 4057 3759 δουλεύειν
4084 3695 4283 3779 χρόνῳ
4315 3722 4367 3758 κ.
4387 3720 4440 3758 τ.
4461 3698 4549 3783 λ.]

2868 3799 2969 3864 Ad
3000 3798 3134 3863 haec
3160 3815 3224 3863 et
3252 3797 3572 3885 sequentia
3588 3796 3733 3861 facit
3766 3794 4029 3860 Proclus
4051 3795 4113 3859 in
4149 3796 4296 3860 Inst.
4328 3796 4549 3865 Theol.

2871 3905 3012 3968 LV.
3045 3926 3111 3991 p.
3145 3902 3227 3966 86
3252 3926 3266 3966 ε
3316 3901 3383 3964 τὸ
3416 3902 3482 3964 δὲ
3509 3902 3654 3964 ποτὲ
3690 3899 3795 3964 οὐκ
3835 3901 4018 3965 ὅντως
4046 3897 4118 3963 ὃν
4144 3904 4225 3986 τῷ
4252 3902 4555 3989 γενομένῳ

2870 4007 3104 4072 ταύτὸν·
3148 4006 3254 4070 οὐκ
3283 4006 3398 4086 ἄρα
3424 4002 3614 4084 μέσον
3643 4002 3711 4067 τὸ
3741 4004 3887 4067 ποτὲ
3916 4004 4005 4065 ὄν.
4050 4003 4321 4068 λείπεται
4348 4006 4463 4087 ἄρα
4489 4006 4557 4071 τὸ

2872 4109 2965 4174 ἀεὶ
2993 4110 3321 4192 γενόμενον
3351 4106 3503 4170 εἶναι
3530 4106 3599 4170 τὸ
3628 4103 3819 4184 μέσον
3852 4106 4096 4186 ἀμφοῖν·
4144 4109 4224 4191 τῷ
4251 4108 4365 4186 μὲν
4394 4110 4552 4190 γίυε-

2872 4216 3014 4276 σθαι
3042 4210 3344 4276 συνάπτον
3381 4210 3802 4296 (sejungens)
3826 4213 3948 4274 τοῖς
3974 4208 4227 4291 χείροσι,
4262 4214 4343 4295 τῷ
4372 4213 4438 4275 δὲ
4465 4213 4559 4278 ἀεὶ

2871 4315 3231 4394 μιμούμενον
3262 4312 3366 4391 τὴν
3396 4314 3635 4376 αἰώνιον
3676 4312 3881 4393 φύσιν.
3928 4312 3994 4374 ἐκ
4023 4312 4087 4374 δὲ
4121 4313 4345 4376 τούτων
4374 4322 4554 4396 φανε-

2869 4416 2997 4498 ρὸν,
3039 4418 3130 4479 ὅτι
3164 4414 3323 4494 διττὴ
3349 4413 3426 4493 ἦν
3452 4415 3490 4493 ἡ
3519 4415 3773 4494 ἆϊδιότης
3819 4411 4218 4495 (Aristoteles
4256 4413 4337 4479 de
4378 4416 4557 4483 Coelo

2873 4519 2976 4582 11.
3014 4538 3071 4581 1.
3103 4541 3166 4605 p.
3196 4518 3306 4602 36.
3344 4516 3549 4603 Sylb.)
3600 4519 3831 4583 αἰώνιος
3867 4517 3979 4595 μὲν
4018 4517 4194 4596 ἄλλη,
4236 4521 4384 4583 κατὰ
4418 4524 4560 4603 χρό-

2873 4647 2980 4687 νον
3009 4623 3074 4686 δέ
3103 4622 3278 4700 ἄλλη.
3324 4620 3492 4700 ἡμὲν
3523 4621 3761 4683 ἑστῶσα
3790 4619 4062 4698 ἇῑδιότης,
4093 4619 4132 4697 ἡ
4160 4620 4227 4682 δὲ
4253 4621 4552 4704 γινομένη.

2875 4724 2970 4789 καὶ
3010 4724 3048 4803 ἡ
3085 4725 3197 4803 μὲν
3242 4721 3636 4804 ἠθροισμένον
3679 4721 3907 4804 ἔχουσα
3946 4718 4014 4784 τὸ
4059 4720 4228 4794 εἶναι,
4276 4722 4372 4786 καὶ
4414 4727 4563 4804 ὁμοῦ

2873 4831 3013 4892 πᾶν·
3059 4827 3096 4906 ἡ
3153 4828 3219 4890 δὲ
3277 4827 3596 4908 ἐκχυθεῖσα
3642 4824 3738 4887 καὶ
3796 4825 4210 4902 έξαπλωθεῖσα
4259 4829 4407 4891 κατὰ
4453 4828 4561 4907 τὴν

2873 4930 3153 5014 χρονικὴν
3180 4928 3515 5011 παράτασιν
3561 4925 3680 5009 (ita
3715 4924 4049 5012 legendum
4097 4947 4211 5011 pro
4247 4927 4557 5009 παράστα·

2877 5060 2996 5108 σιν,
3027 5033 3106 5097 cf.
3140 5028 3465 5096 Aristotel.
3499 5028 3864 5117 Metaphys.
3886 5029 4003 5092 IV.
4032 5030 4127 5092 16.
4152 5051 4214 5115 p.
4249 5028 4351 5114 89.
4382 5031 4558 5118 Sylb.

2875 5134 3174 5200 Eustath.
3218 5133 3280 5197 in
3325 5130 3515 5197 Iliad.
3558 5157 3614 5195 α.
3653 5154 3745 5194 VS.
3774 5132 3874 5215 4.)
3925 5130 4087 5210 καὶὴ
4129 5132 4242 5210 μὲν
4283 5132 4398 5212 ὅλη
4438 5133 4563 5199 καθ’

2876 5237 3076 5317 αὑτήν,
3106 5238 3144 5317 ἡ
3173 5238 3238 5301 δὲ
3269 5238 3336 5299 ἐκ
3371 5240 3585 5316 μερῶν,
3618 5235 3701 5297 ὧν
3741 5234 3995 5298 ἕκαστον
4028 5234 4210 5315 χωρίς
4248 5235 4378 5298 ἐστι
4416 5240 4565 5302 κατὰ

2876 5340 2942 5404 τὸ
2964 5341 3253 5423 πρότερον
3275 5339 3371 5403 καὶ
3396 5340 3667 5418 ὕστερον.
3717 5335 4021 5400 Boethius
4037 5335 4117 5399 de
4137 5336 4388 5403 Consol.
4417 5339 4565 5405 Phi-

2874 5442 2966 5507 los
3013 5444 3088 5507 V.
3122 5443 3183 5506 6.
3230 5456 3376 5530 post
3423 5440 3600 5504 init.:
3651 5446 3694 5478 “
3727 5440 3891 5502 Nam
3940 5438 4254 5526 quidquid
4300 5441 4453 5507 vivit
4498 5443 4562 5508 in

2876 5561 3177 5634 tempore,
3207 5544 3272 5609 id
3315 5566 3588 5632 praesens
3626 5567 3666 5608 a
3706 5542 4036 5630 praeteritis
4078 5542 4139 5606 in
4171 5543 4388 5610 futura
4423 5570 4570 5633 pro-
