5118 6613
1071 475 1193 538 266

1071 646 1370 734 losophus
1415 658 1642 709 noster.
1731 642 1873 708 Vid.
1922 666 2114 730 supra
2161 666 2226 731 p.
2258 645 2403 708 216.
2430 644 2510 707 B.
2586 643 2771 707 Plato

1068 768 1303 829 autem,
1341 748 1500 813 sicut
1550 746 1840 834 pluribus
1880 746 1944 810 in
1991 744 2140 811 locis
2185 745 2585 810 Herodotum
2628 760 2773 810 ante

1072 851 1287 917 oculos
1315 849 1565 914 videtur
1606 848 1858 928 habere,
1888 848 1976 912 ita
2018 846 2132 912 hac
2174 870 2430 936 quoque
2471 849 2776 912 sententia

1076 954 1236 1023 illud
1270 953 1462 1042 patris
1492 951 1761 1017 historiae
1794 953 1854 1017 I.
1876 970 1997 1037 32:
2045 950 2114 1014 τὸ
2144 955 2307 1016 θεῖον
2334 955 2454 1015 πᾶν
2474 951 2775 1034 φθονερὸν

1082 1059 1266 1125 tacite
1303 1056 1758 1145 reprehendere
1801 1054 2121 1142 putandus
2162 1070 2274 1120 est.
2347 1054 2490 1120 Vid.
2525 1057 2776 1119 Wesse-

1079 1163 1232 1250 ling.
1264 1161 1344 1226 ad
1371 1184 1517 1227 eum
1547 1160 1750 1225 locum
1783 1182 1845 1246 p.
1875 1177 1971 1246 15.
2001 1174 2067 1223 et
2085 1158 2489 1224 Valckenaer.
2513 1157 2596 1222 ad
2631 1160 2772 1223 111.

1075 1286 1181 1346 40.
1219 1288 1282 1353 p.
1316 1268 1464 1330 216.
1510 1263 1695 1329 etiam
1745 1261 2082 1327 Heindorf.
2126 1260 2206 1325 ad
2260 1260 2512 1325 Phaedri
2557 1260 2597 1324 l.
2629 1259 2667 1323 l.
2707 1283 2768 1347 p.

1077 1367 1425 1455 252.—Ad
1478 1372 1696 1451 χωρεῖν
1753 1367 1817 1431 δὲ
1876 1365 1971 1429 ἀεὶ
2026 1361 2336 1449 intellige:
2385 1362 2505 1427 ἔδει
2562 1362 2761 1442 αὐτὴν.

1078 1474 1238 1536 Mox
1273 1472 1367 1535 καὶ
1395 1471 1569 1534 οὐδὲν
1596 1465 2322 1550 περιϊδεῖν-δυναμένην
2370 1473 2430 1529 et
2445 1487 2586 1552 quw
2604 1465 2770 1529 nihil

1064 1576 1293 1663 possit,
1323 1573 1651 1661 negligere
1676 1580 1750 1636 ut
1768 1573 1874 1636 sui
1904 1570 1972 1653 (i.
2000 1592 2058 1634 e.
2091 1592 2222 1633 suae
2249 1572 2510 1653 caussoe)
2542 1590 2768 1656 expers

1075 1681 1181 1746 sit.

1162 1805 1225 1869 p.
1252 1782 1401 1862 884,
1433 1800 1458 1845 1
1476 1799 1530 1843 1.
1581 1781 1795 1856 Διττ-ἣς
1822 1778 1886 1841 δὲ
1916 1777 2153 1858 φύσεως
2190 1777 2402 1854 ταύτης
2436 1776 2636 1855 οὔσης.
2667 1779 2768 1854 τῆς

1077 1888 1190 1967 μὲν
1213 1888 1436 1965 νοητῆς,
1467 1885 1569 1961 τῆς
1596 1883 1663 1945 δὲ
1692 1882 1972 1959 αἰσθητῆς
2001 1906 2054 1942 κ.
2078 1904 2131 1941 τ.
2151 1878 2246 1966 λ.]
2297 1878 2375 1940 In
2409 1876 2762 1942 memoriam

1070 1985 1411 2075 redigenda
1438 2000 1584 2049 sunt
1611 1983 1674 2047 h.
1698 1981 1738 2045 l.
1769 1980 1959 2046 verba
1995 1979 2059 2045 in
2104 1979 2386 2044 Platonis
2418 1980 2666 2044 Timaeo
2693 2003 2759 2067 p.

1069 2110 1173 2178 35.
1205 2113 1269 2177 p.
1293 2108 1399 2175 32.
1432 2086 1667 2152 Bekk·.:
1702 2089 1804 2164 τῆς
1831 2084 2149 2166 ἀμερίστου
2173 2085 2269 2146 καὶ
2293 2084 2387 2148 ἀεὶ
2408 2085 2557 2147 κατὰ
2580 2083 2764 2147 ταύτὸ

1073 2196 1326 2280 ἐχούσης
1352 2191 1558 2257 οὗσίας
1588 2190 1683 2253 καὶ
1709 2191 1811 2266 τῆς
1840 2186 1914 2251 αὖ
1937 2186 2073 2268 περὶ
2100 2187 2176 2250 τὸ.
2205 2186 2451 2265 σώματα
2478 2184 2758 2269 γιγνομέ-

1072 2326 1175 2380 νης
1208 2299 1486 2379 μεριστῆς
1510 2295 1708 2377 τρίτον
1753 2293 1816 2371 ἐξ
1856 2292 2082 2373 ἀμφοῖν
2127 2291 2195 2354 ἐν
2234 2288 2400 2375 μέσῳ
2448 2289 2756 2371 ξυνεκερά-

1072 2429 1220 2468 σατο
1250 2402 1456 2468 οὐσίας
1499 2398 1651 2466 εἶδος
1691 2396 1798 2479 (cf.
1845 2394 1925 2459 de
1967 2393 2065 2458 his
2109 2393 2431 2457 Plotinum
2478 2408 2757 2458 nostrum

1071 2527 1258 2593 supra
1287 2527 1352 2591 p.
1374 2504 1524 2588 364.
1546 2502 1634 2565 D.
1659 2515 1722 2564 et
1750 2522 1811 2586 p.
1831 2498 1979 2583 385.
2011 2520 2105 2584 sq.
2129 2512 2193 2561 et
2210 2495 2443 2583 inspice
2460 2496 2624 2560 infra
2640 2495 2762 2560 dis-

1068 2623 1289 2696 putata
1316 2630 1382 2694 p.
1404 2626 1525 2691 491
1542 2653 1556 2667 .
1583 2605 1691 2685 C.)
1769 2603 1929 2680 Quae
1958 2600 2146 2665 verba
2167 2615 2499 2688 postquam
2531 2598 2758 2664 doctis-

1072 2712 1223 2776 sime
1244 2707 1513 2774 excussit
1531 2705 1793 2771 Proclus
1812 2704 1875 2769 in
1897 2704 2208 2769 Timaeum
2232 2703 2377 2767 inde
2393 2726 2431 2766 a
2452 2725 2599 2790 pag.
2616 2702 2756 2787 185.

1072 2830 1133 2879 et
1162 2811 1568 2898 insigniorum
1609 2806 2122 2897 philowphorum
2164 2805 2243 2870 de
2281 2820 2507 2869 natura
2534 2805 2760 2868 animoe

1070 2916 1319 2980 decreta
1344 2911 1677 2999 explicavit
1703 2933 1768 2997 p.
1798 2912 1940 2992 187.
2018 2907 2247 2973 Plotini
2277 2907 2640 2972 sententiam
2671 2907 2761 2971 ita

1070 3016 1354 3104 attingit:
1404 3018 1462 3080 ol.
1490 3017 1555 3079 δὲ
1590 3013 2086 3097 φιλοσοφώτερον
2123 3012 2443 3090 ἁπτόμενοι
2485 3015 2605 3073 τῶν
2649 3011 2756 3073 λό-

1072 3147 1197 3205 γων
1242 3124 1348 3185 νοῦ
1391 3119 1486 3183 καὶ
1530 3114 1861 3196 αἰσθήσεως
1904 3114 2087 3194 αὐτὴν
2123 3113 2262 3196 (τὴν
2303 3111 2534 3196 ψυχὴν)
2569 3111 2760 3193 μέσην

1072 3224 1341 3308 λέγουσι,
1372 3224 1478 3284 τοῦ
1512 3221 1642 3300 μὲν,
1679 3219 2016 3300 ἀμερίστου,
2047 3220 2148 3295 τῆς
2186 3218 2270 3290 δὲ,
2303 3216 2437 3298 περὶ
2473 3221 2597 3283 τοῖς
2639 3217 2756 3280 σῶ-

1070 3354 1218 3408 μασι
1280 3329 1583 3408 μεριστοῖς
1645 3321 1836 3409 (Leg.
1896 3322 2226 3403 μεριστῆς),
2285 3321 2361 3387 ὧς
2425 3325 2755 3387 Πλωτῖνος.

1076 3430 1263 3496 Vides
1279 3425 1629 3516 philosophi
1653 3421 2077 3513 Lycopolitani
2096 3420 2392 3509 placitum
2415 3421 2496 3485 de
2506 3420 2760 3484 Animae

1068 3534 1419 3601 conditione
1448 3547 1511 3596 et
1554 3529 1761 3594 indole
1789 3527 1986 3615 inagis
2012 3525 2450 3615 philooephum
2486 3524 2758 3612 judicari

1069 3665 1107 3706 a
1152 3636 1396 3714 Proclo‚
1441 3657 1631 3722 quam
1677 3632 2056 3718 reliquorum
2105 3628 2351 3717 placita,
2392 3651 2552 3716 quos
2594 3651 2759 3692 com-

1068 3755 1455 3807 memorarat.
1531 3740 1824 3802 Ceterum
1855 3734 2085 3800 adhibe
2113 3733 2191 3798 ad
2224 3733 2357 3796 haec
2388 3730 2756 3796 Cudworthi

1067 3861 1132 3911 et
1158 3840 1493 3908 Moshemii
1524 3839 1841 3926 disputata
1867 3837 1932 3901 in
1966 3840 2231 3925 System.
2264 3833 2557 3899 intellect.
2593 3835 2667 3898 V.
2690 3854 2753 3919 3.

1074 3967 1175 4014 22.
1206 3970 1269 4034 p.
1303 3964 1489 4031 1050.
1520 3943 1935 4030 sqq.—1056.

1158 4075 1220 4138 p.
1244 4053 1391 4136 885,
1419 4070 1519 4130 14.
1550 4047 1735 4112 πάλιν
1755 4045 2241 4133 ἀναδραμοῦσαν]
2279 4042 2539 4108 Proclus
2555 4041 2619 4105 in
2643 4040 2756 4104 Ti-

1073 4176 1301 4219 maeum
1330 4175 1392 4240 p.
1418 4171 1564 4237 330.
1586 4148 1721 4213 init.
1748 4173 1762 4212 :
1795 4149 1900 4228 μία
1930 4147 2188 4228 σωτηρία
2207 4149 2407 4229 ψυχῆς
2434 4146 2578 4224 αὕτη
2597 4145 2758 4224 παρὰ

1070 4262 1177 4323 τοῦ
1219 4257 1569 4337 δημιουργοῦ
1603 4252 1990 4334 προτείνεται,
2040 4252 2146 4312 τοῦ
2189 4250 2403 4312 κύκλου
2445 4250 2547 4326 τῆς
2588 4244 2759 4328 γενέ-

1080 4388 1232 4429 σεως
1258 4356 1744 4429 ἆπαλλάττουσα,
1778 4355 1874 4418 καὶ
1899 4357 2001 4432 τῆς
2026 4354 2256 4430 πολλῆς
2281 4350 2509 4430 πλάνης
2537 4349 2634 4413 καὶ
2660 4351 2761 4427 τῆς

1073 4466 1361 4544 ἂνηνύτου
1407 4463 1564 4538 ζωῆς,
1595 4460 1633 4538 ἥ
1674 4457 1819 4540 πρὸς
1859 4456 1928 4520 τὸ
1969 4454 2178 4537 νοερὸν
2223 4453 2376 4520 εἶδος
2416 4456 2519 4531 Τῆς
2559 4454 2759 4535 ψυχῆς

1072 4565 1390 4648 ἆναδρομὴ,
1424 4563 1519 4626 καὶ
1544 4562 1582 4641 ἡ
1621 4560 1782 4642 φυγὴ
1819 4559 2057 4623 πάντων
2085 4562 2203 4621 τῶν
2234 4559 2299 4621 ἐκ
2327 4558 2428 4633 τῆς
2463 4553 2760 4637 γενέσεως

1071 4671 1209 4749 ἡμῖν
1235 4665 1760 4749 προσπεφυκότων.

1159 4794 1223 4859 p.
1253 4770 1399 4845 886,
1418 4789 1482 4849 4.
1530 4767 1646 4830 Καὶ
1693 4767 1746 4828 εἷ
1794 4763 1909 4848 χρὴ
1952 4766 2113 4845 παρὰ
2163 4763 2341 4840 δόξαν
2384 4766 2502 4825 τῶν
2553 4761 2760 4823 ἄλλων

1072 4876 1366 4953 τολμῆσαι
1421 4869 1490 4933 τὸ
1548 4869 1910 4951 φαινόμενον
1967 4865 2172 4947 λέγειν
2232 4861 2635 4944 σαφέστερον,
2689 4862 2759 4926 οὗ

1073 4981 1241 5041 πᾶσα
1267 4971 1385 5037 οὐδ’
1415 4973 1453 5051 ἡ
1478 4968 1732 5051 ἡμετέρα
1758 4967 1928 5052 ψυχὴ
1957 4966 2083 5050 ἔδυ]
2137 4964 2308 5028 Hinc
2338 4963 2471 5027 haec
2510 4977 2753 5027 senten-

1076 5080 1156 5146 tia
1191 5080 1470 5158 νεώτερος
1497 5075 1679 5156 λόγος
1705 5071 1933 5136 dicitur
1974 5093 2012 5134 a
2055 5066 2279 5134 Proclo
2315 5066 2381 5130 in
2418 5065 2755 5129 Timaeum.

1077 5183 1279 5248 Verba
1308 5180 1444 5267 ejus
1471 5199 1660 5264 supra
1687 5172 1948 5262 apposui
1978 5172 2057 5236 ad
2091 5169 2344 5237 titulum
2384 5168 2576 5254 hujus
2620 5166 2760 5231 libri

1075 5312 1138 5375 p.
1163 5287 1314 5367 468.
1359 5282 1633 5368 itemque
1679 5275 1974 5365 Simplicii
2018 5273 2246 5350 locum,
2278 5272 2386 5337 ubi
2432 5272 2579 5336 item
2627 5271 2762 5335 hoec

1080 5387 1432 5456 Plotiniana
1458 5382 1729 5470 attingit.
1807 5379 1978 5444 Hinc
2012 5375 2300 5442 Hermias
2327 5374 2390 5439 in
2425 5372 2759 5440 Pbaedrum

1080 5518 1146 5583 p.
1179 5511 1316 5575 147.
1348 5488 1408 5552 in
1441 5513 1515 5554 ea
1540 5510 1610 5552 re
1636 5485 1735 5551 vel
1776 5508 1814 5549 a
1859 5484 2121 5550 Platone
2165 5477 2518 5546 dissensisse
2563 5475 2762 5543 Ploti-

2053 469 2805 536 ANNOTATIONE
2823 471 2866 535 S

2935 470 3046 535 IN
3115 469 3555 536 PLOTINI

2857 664 3005 707 num
3039 643 3211 720 dicit,
3242 641 3413 731 quod
3442 640 3679 728 aliquid
3706 640 3930 706 animae
3958 641 4251 706 humanae
4279 641 4342 705 in
4367 663 4549 704 mun-

2858 744 2941 810 do
2968 744 3339 833 intelligibili
3384 768 3698 809 remanere
3741 759 4062 822 statuerat,
4094 767 4239 810 eum
4283 745 4543 809 eandem

2860 865 3052 916 totam
3097 850 3470 916 descendere
3527 849 3830 937 posuisset
3889 848 4088 912 Plato.
4181 847 4550 912 Damascius

2859 970 3075 1020 contra
3117 954 3276 1019 hanc
3320 952 3538 1019 Nostri
3583 952 3948 1017 sententiam
3981 974 4190 1016 veram
4233 974 4365 1016 esse
4408 974 4549 1039 pro-

2862 1057 3129 1123 nuntiat.
3219 1059 3418 1122 Locos
3445 1055 3699 1121 exhibui
3731 1056 3794 1119 in
3829 1055 4057 1119 Annot.
4089 1052 4151 1117 in
4196 1052 4394 1118 Procli
4440 1055 4547 1117 In-

2859 1161 2986 1227 stit.
3046 1159 3351 1248 Theolog.
3411 1160 3663 1224 CCXI.
3724 1180 3788 1245 p.
3830 1159 4198 1243 314—316.
4257 1156 4339 1220 ad
4413 1156 4546 1221 haec

2859 1265 3082 1330 verba:
3131 1269 3317 1328 Πᾶσα
3341 1262 3546 1345 μερικὴ
3573 1261 3743 1345 ψυχὴ
3786 1262 3899 1341 ὅλη
3939 1260 4185 1325 κάτεισι·
4236 1261 4332 1324 καὶ
4369 1261 4439 1323 οὗ
4473 1260 4541 1323 τὸ

2853 1371 2964 1449 μὲν
2994 1369 3167 1447 αὐτῆς
3193 1368 3313 1432 ἄνω
3342 1366 3528 1445 μένει,
3559 1365 3627 1428 τὸ
3659 1367 3723 1428 δὲ
3754 1364 4038 1429 κάτεισιν.
4107 1362 4294 1427 Unde
4322 1361 4543 1427 intelli-

2849 1470 3041 1558 gitur,
3073 1470 3187 1535 hac
3215 1469 3277 1533 in
3307 1490 3491 1532 causa
3531 1465 3818 1532 Proclum
3850 1489 3915 1530 se
3940 1489 3980 1530 a
4012 1464 4243 1530 Plotini
4270 1465 4540 1530 auctori·

2852 1589 2978 1638 tate
3007 1572 3347 1659 sejunxisse
3385 1586 3451 1635 et
3487 1570 3567 1635 ad
3613 1568 3892 1635 Platonis
3933 1584 4202 1634 mentem
4249 1568 4383 1634 haec
4426 1569 4538 1634 do-

2852 1676 3069 1741 cuisse.
3161 1673 3433 1739 Consule
3460 1673 3643 1739 etiam
3678 1671 3999 1738 Plotinum
4040 1694 4228 1758 supra
4261 1672 4358 1736 ΙΙ.
4392 1692 4454 1756 9.
4479 1691 4538 1735 2.

2853 1802 2915 1866 p.
2942 1797 3086 1844 201.
3107 1781 3190 1841 Α.
3222 1793 3283 1841 et
3314 1778 3377 1841 in
3407 1799 3551 1841 eum
3585 1776 3785 1841 locum
3819 1777 4162 1840 Annotata.

2936 1905 3003 1970 p.
3028 1884 3175 1965 887,
3198 1902 3255 1965 7.
3300 1882 3369 1945 τὸ
3412 1880 3479 1945 δέ
3523 1882 3651 1944 ἐστι
3696 1881 3792 1944 καὶ
3834 1878 4126 1959 ἇνήδονον
4175 1877 4301 1965 [ὃν]
4347 1883 4539 1947 τὰς*

2847 1985 3090 2073 ἡδονάς]
3138 1983 3279 2049 Etsi
3308 1984 3372 2048 in
3402 1983 3500 2047 his
3528 1982 3938 2049 Enneadibus
3964 1980 4110 2046 satis
4129 1980 4423 2068 frequens
4442 1997 4536 2046 est

2849 2089 3014 2154 ἔστιν
3042 2087 3114 2153 ὃν
3143 2105 3206 2154 et
3233 2087 3484 2152 similia:
3529 2100 3731 2152 tamen
3763 2086 3880 2151 hoc
3908 2083 4045 2150 loco
4075 2084 4353 2172 suspicor
4377 2083 4535 2150 illud

2846 2189 2919 2255 ὃν
2946 2214 3024 2255 ex
3053 2213 3413 2279 praegressoe
3444 2188 3610 2254 vocis
3637 2186 3917 2254 clausula
3938 2201 4172 2252 ortum.
4235 2187 4538 2265 Quocirca

2851 2294 3089 2359 uncinis
3117 2294 3360 2359 inclusi.

3489 2533 3692 2596 LIB.
3755 2530 3884 2594 IX.

2922 2716 2989 2781 p.
3010 2692 3158 2771 888,
3182 2707 3243 2774 7.
3272 2695 3353 2754 EI
3373 2693 3627 2752 ΠΑΣΑι
3650 2692 3730 2751 A1
3750 2691 4002 2750 ΨΥΧΑι
4029 2689 4180 2749 MIA
4199 2685 4255 2773 ς]
4281 2681 4539 2770 Aliquot

2846 2794 2986 2861 libri
3018 2795 3217 2858 MSS.
3249 2792 3382 2874 περὶ
3408 2795 3514 2855 τοῦ
3548 2792 3830 2870 εΖ-μίας
3882 2787 4005 2853 Sed
4053 2786 4391 2852 breviorem
4438 2785 4534 2850 in·

2846 2896 3234 2984 scriptionem
3284 2891 3562 2980 agnoscit
3607 2891 3789 2957 etiam
3847 2890 4235 2979 Porphyrius
4272 2890 4354 2955 de
4393 2891 4536 2954 Vita

2845 3000 3074 3067 Plotini
3106 3022 3243 3086 cap.
3276 2997 3392 3062 IV.
3422 3011 3486 3060 et
3512 3017 3651 3082 cap.
3683 2995 3931 3067 XXV;
3980 2993 4151 3058 unde
4180 2992 4363 3058 etiam
4405 2993 4531 3057 dis-

2843 3103 3041 3168 cimus
3068 3125 3198 3165 esse
3237 3099 3406 3163 hunc
3441 3097 3669 3161 librum
3709 3094 3988 3160 omnium
4037 3094 4529 3159 Plotinianorum

2844 3223 3131 3273 octavum
3163 3203 3379 3269 ordine
3409 3200 3721 3289 temporis.
3814 3202 4051 3264 Fontes
4099 3198 4239 3263 libri
4270 3216 4415 3263 sunt
4443 3200 4535 3263 in-

2843 3310 3058 3399 primis
3087 3309 3149 3372 in
3197 3305 3476 3372 Platonis
3515 3305 3756 3369 Timaeo
3799 3319 3861 3369 et
3904 3301 4160 3391 quidem
4205 3301 4421 3367 iisdem
4466 3303 4531 3367 in

2842 3415 3013 3492 locis,
3044 3437 3203 3502 quos
3230 3434 3418 3498 supra
3448 3411 3676 3497 saepius
3711 3408 3802 3473 vel
3841 3407 4169 3473 citavimus
4197 3405 4293 3472 vel
4322 3407 4530 3494 attigi-

2843 3542 3001 3596 mus,
3047 3515 3335 3581 nimirum
3377 3533 3568 3601 p.30.
3610 3534 3674 3598 p.
3708 3513 3809 3576 26.
3845 3509 4046 3575 Bekk.
4087 3533 4153 3597 ρ.
4176 3529 4287 3596 35.
4333 3531 4532 3598 p.32.

2845 3622 3050 3688 Bekk.
3091 3645 3152 3708 p.
3179 3639 3284 3700 41.
3326 3632 3485 3682 extr.
3529 3639 3590 3703 p.
3626 3637 3730 3695 44.
3783 3613 3981 3679 Bekk.
4031 3613 4141 3695 (cf.
4194 3612 4415 3678 Plotin.
4463 3637 4529 3701 p.

2841 3726 2990 3810 364.
3019 3725 3105 3788 D.
3150 3745 3215 3807 p.
3245 3738 3394 3807 372.
3428 3720 3603 3783 B.C.
3648 3741 3708 3805 p.
3742 3719 3892 3803 376.
3925 3716 4113 3780 C.D.
4158 3738 4220 3802 p.
4250 3715 4403 3801 385.
4433 3739 4528 3802 sq.

2843 3852 2910 3916 p.
2937 3844 3085 3913 397.
3116 3827 3199 3890 D.
3230 3847 3293 3912 p.
3315 3825 3461 3906 469.
3484 3841 3634 3904 470.
3665 3839 3809 3906 473.
3835 3822 4019 3903 475.)
4088 3817 4357 3883 Accedit
4385 3819 4532 3882 Ari-

2843 3930 3090 3996 stoteles
3122 3928 3203 3993 de
3249 3926 3475 3991 Anima
3505 3926 3605 3989 11.
3635 3948 3692 3988 c.
3716 3943 3781 4009 3.
3811 3939 3873 3986 et
3902 3943 3967 4003 4.
3998 3945 4061 4007 p.
4091 3938 4190 4003 27.
4225 3944 4318 4008 sq.
4355 3920 4527 4009 Sylb.

2842 4034 3257 4121 Reliquorum
3343 4026 3850 4116 philosophorum
3926 4024 4173 4089 decreta
4247 4024 4532 4088 tractavit

2845 4133 3373 4226 Wyttenbachius
3412 4131 3493 4196 de
3539 4129 3781 4195 Placito
3840 4125 4332 4192 Immortalitatis
4387 4142 4533 4192 ante

2844 4240 3148 4307 Phoedon.
3214 4232 3817 4302 XV—XLVIII.
3898 4230 4173 4294 XLIX.
4256 4230 4527 4296 LXIII.

2843 4346 3133 4432 idemque
3153 4342 3232 4407 ad
3259 4337 3570 4407 Plutarch.
3598 4336 3679 4400 de
3712 4337 3780 4399 S.
3804 4335 3890 4398 N.
3916 4335 3995 4398 V.
4027 4356 4090 4420 p.
4121 4353 4260 4414 104.
4296 4353 4528 4421 p.432.

2842 4447 2945 4512 ed.
2973 4449 3180 4512 Oxon.
3198 4461 3261 4510 et
3278 4468 3344 4533 p.
3374 4461 3514 4528 123.
3544 4464 3608 4529 p.
3627 4439 3777 4525 456.
3796 4461 3887 4524 sq.
3909 4438 4031 4501 Ox.
4056 4435 4220 4500 adde
4242 4436 4534 4524 Baguetii

2847 4550 3237 4638 Chrysippea
3265 4572 3329 4636 p.
3364 4546 3502 4610 181.
3534 4566 3667 4630 sqq.
3759 4539 4129 4606 Plotinianae
4162 4538 4357 4627 ipsius
4389 4539 4534 4605 doc-

2845 4653 3024 4719 trinae
3056 4673 3356 4717 summam
3389 4647 3641 4713 exhibet
3670 4641 4055 4731 Porphyrius
4087 4641 4168 4706 de
4212 4642 4532 4707 Gradibus

2842 4780 2943 4844 ap.
2987 4755 3158 4821 Stob.
3202 4755 3265 4818 in
3303 4750 3570 4838 Eclogg.
3604 4750 3662 4812 Ι.
3692 4766 3799 4833 52.
3831 4769 3894 4833 p.
3921 4746 4069 4809 820.
4118 4745 4312 4809 Heer.
4359 4761 4423 4810 et
4464 4745 4529 4810 in

2844 4860 3017 4926 Edit.
3055 4856 3350 4947 peculiari
3387 4879 3440 4919 c.
3464 4872 3566 4939 39.
3598 4875 3662 4940 p.
3693 4852 3836 4932 246.
3880 4847 3982 4912 ed.
4014 4847 4314 4912 Cantabr.
4403 4849 4531 4927 Qui

2843 4963 3015 5028 locus
3042 4961 3131 5026 ita
3167 4957 3422 5046 incipit:
3471 4956 3541 5020 οὐ
3579 4956 3675 5019 διὰ
3714 4952 3783 5016 τὸ
3821 4954 4047 5030 πλῆθος
4078 4955 4196 5013 τῶν
4236 4948 4527 5029 σωμάτων

2845 5071 2939 5131 δεῖ
2977 5065 3229 5144 νομίζειν
3270 5064 3497 5139 πλῆθος
3543 5063 3661 5121 τῶν
3699 5060 3918 5139 ψυχῶν
3960 5052 4264 5135 γενέσθαι,
4310 5054 4423 5135 πρὸ
4464 5057 4530 5118 δὲ

2845 5174 2963 5232 τῶν
3020 5164 3308 5246 σωμάτων
3361 5162 3511 5227 εἶναι
3562 5162 3657 5225 καὶ
3698 5160 3932 5224 πολλὰς
3975 5156 4069 5220 καὶ
4116 5157 4260 5235 μίαν
4314 5183 4366 5219 κ.
4391 5166 4529 5219 τ.λ.

2849 5267 3235 5336 lamblichus
3279 5288 3385 5354 ap.
3425 5264 3693 5328 eundem
3740 5260 4060 5325 Stobaeum
4104 5280 4170 5345 p.
4202 5259 4367 5322 866:
4416 5261 4536 5324 εἰσὶ

2848 5373 2919 5455 δή
2945 5399 3101 5441 τινες
3128 5371 3187 5436 οἳ
3222 5374 3425 5434 πᾶσαν
3463 5367 3570 5445 τὴν
3607 5366 3879 5443 τοιαύτην
3917 5362 4130 5425 οὐσίαν
4177 5359 4287 5442 (de
4327 5359 4536 5426 anima

2849 5474 3157 5562 loquitur)
3204 5474 3518 5555 ὁμοιομερῆ
3558 5468 3653 5532 καὶ
3692 5466 3800 5546 τὴν
3837 5465 4020 5544 αὐτὴν
4068 5464 4162 5528 καὶ
4197 5465 4342 5544 μίαν
4387 5465 4538 5529 ἀπο-
