<?xml version="1.0" encoding="UTF-8"?>
<!DOCTYPE html PUBLIC "-//W3C//DTD XHTML 1.0 Transitional//EN"
    "http://www.w3.org/TR/xhtml1/DTD/xhtml1-transitional.dtd">
<html xmlns="http://www.w3.org/1999/xhtml" xml:lang="en" lang="en">
 <head>
  <title>
</title>
<meta http-equiv="Content-Type" content="text/html;charset=utf-8" />
  <meta name='ocr-system' content='tesseract 3.04.00' />
  <meta name='ocr-capabilities' content='ocr_page ocr_carea ocr_par ocr_line ocrx_word'/>
</head>
<body>
  <div class='ocr_page' id='page_1' title='image "./plotinioperaomn00chumgoog_0389.png"; bbox 0 0 5118 6613; ppageno 0'>
   <div class='ocr_carea' id='block_1_1' title="bbox 1400 534 3310 623">
    <p class='ocr_par' dir='ltr' id='par_1_1' title="bbox 1400 534 3310 623">
     <span class='ocr_line' id='line_1_1' title="bbox 1400 534 3310 623; baseline 0.002 -25"><span class='ocrx_word' id='word_1_1' title='bbox 1400 534 1601 600; x_wconf 73' lang='grc' dir='ltr'><strong>ΜΒ.</strong></span> <span class='ocrx_word' id='word_1_2' title='bbox 1636 534 1757 600; x_wconf 89' lang='lat' dir='ltr'><strong>VI.</strong></span> <span class='ocrx_word' id='word_1_3' title='bbox 1806 535 2272 600; x_wconf 84' lang='lat' dir='ltr'><strong>ENNEAD.</strong></span> <span class='ocrx_word' id='word_1_4' title='bbox 2324 536 2719 600; x_wconf 84' lang='lat' dir='ltr'><strong>SEXTAE.</strong></span> <span class='ocrx_word' id='word_1_5' title='bbox 2762 558 2829 623; x_wconf 88' lang='lat' dir='ltr'><strong>p.</strong></span> <span class='ocrx_word' id='word_1_6' title='bbox 2868 536 3310 621; x_wconf 82' lang='lat'><strong>1256-1262.</strong></span> 
     </span>
    </p>
   </div>
   <div class='ocr_carea' id='block_1_2' title="bbox 3965 555 4094 626">
    <p class='ocr_par' dir='ltr' id='par_1_2' title="bbox 3965 555 4094 626">
     <span class='ocr_line' id='line_1_2' title="bbox 3965 555 4094 626; baseline 0 -1"><span class='ocrx_word' id='word_1_7' title='bbox 3965 555 4094 626; x_wconf 81' lang='lat'><strong>375</strong></span> 
     </span>
    </p>
   </div>
   <div class='ocr_carea' id='block_1_3' title="bbox 608 707 4082 901">
    <p class='ocr_par' dir='ltr' id='par_1_3' title="bbox 608 707 4082 901">
     <span class='ocr_line' id='line_1_3' title="bbox 610 707 4082 798; baseline -0.001 -20"><span class='ocrx_word' id='word_1_8' title='bbox 610 737 843 798; x_wconf 86' lang='grc' dir='ltr'>χουσαν</span> <span class='ocrx_word' id='word_1_9' title='bbox 872 710 1059 794; x_wconf 80' lang='grc' dir='ltr'>φύσιν</span> <span class='ocrx_word' id='word_1_10' title='bbox 1082 733 1097 773; x_wconf 89' lang='lat'>:</span> <span class='ocrx_word' id='word_1_11' title='bbox 1144 707 1209 772; x_wconf 87' lang='lat' dir='ltr'><strong>in</strong></span> <span class='ocrx_word' id='word_1_12' title='bbox 1237 707 1515 796; x_wconf 81' lang='lat' dir='ltr'>margine</span> <span class='ocrx_word' id='word_1_13' title='bbox 1542 708 1822 796; x_wconf 87' lang='lat' dir='ltr'><strong>ejusdem</strong></span> <span class='ocrx_word' id='word_1_14' title='bbox 1850 707 2124 791; x_wconf 84' lang='grc' dir='ltr'>μητέχων</span> <span class='ocrx_word' id='word_1_15' title='bbox 2155 708 2301 791; x_wconf 88' lang='lat' dir='ltr'><strong>(sic)</strong></span> <span class='ocrx_word' id='word_1_16' title='bbox 2392 710 2488 773; x_wconf 80' lang='grc' dir='ltr'><strong>καὶ</strong></span> <span class='ocrx_word' id='word_1_17' title='bbox 2515 710 2651 773; x_wconf 88' lang='grc' dir='ltr'>τότε</span> <span class='ocrx_word' id='word_1_18' title='bbox 2679 710 3003 790; x_wconf 78' lang='grc' dir='ltr'>γυμνωθεὶς</span> <span class='ocrx_word' id='word_1_19' title='bbox 3031 709 3147 774; x_wconf 74' lang='grc' dir='ltr'><strong>ἀπὸ</strong></span> <span class='ocrx_word' id='word_1_20' title='bbox 3174 715 3295 774; x_wconf 80' lang='grc' dir='ltr'><strong>τῶν</strong></span> <span class='ocrx_word' id='word_1_21' title='bbox 3319 712 3422 789; x_wconf 83' lang='grc' dir='ltr'><strong>τῆς</strong></span> <span class='ocrx_word' id='word_1_22' title='bbox 3450 711 3735 793; x_wconf 76' lang='grc' dir='ltr'>ἁρμονίας</span> <span class='ocrx_word' id='word_1_23' title='bbox 3762 711 4082 794; x_wconf 53' lang='grc' dir='ltr'>ἑνεργημάμ</span> 
     </span>
     <span class='ocr_line' id='line_1_4' title="bbox 608 811 4079 901; baseline 0 -23"><span class='ocrx_word' id='word_1_24' title='bbox 608 816 816 898; x_wconf 84' lang='grc' dir='ltr'>φησίν,</span> <span class='ocrx_word' id='word_1_25' title='bbox 849 835 993 901; x_wconf 78' lang='lat' dir='ltr'><strong>quoe</strong></span> <span class='ocrx_word' id='word_1_26' title='bbox 1036 813 1505 894; x_wconf 81' lang='grc' dir='ltr'>παραδιόρθωσις</span> <span class='ocrx_word' id='word_1_27' title='bbox 1548 834 1678 875; x_wconf 87' lang='lat' dir='ltr'><strong>esse</strong></span> <span class='ocrx_word' id='word_1_28' title='bbox 1716 811 1968 876; x_wconf 89' lang='lat' dir='ltr'><strong>videtur</strong></span> <span class='ocrx_word' id='word_1_29' title='bbox 2005 812 2163 899; x_wconf 85' lang='lat' dir='ltr'><strong>ejus,</strong></span> <span class='ocrx_word' id='word_1_30' title='bbox 2191 811 2304 898; x_wconf 91' lang='lat' dir='ltr'><strong>qui</strong></span> <span class='ocrx_word' id='word_1_31' title='bbox 2389 837 2508 875; x_wconf 88' lang='grc' dir='ltr'><strong>των</strong></span> <span class='ocrx_word' id='word_1_32' title='bbox 2535 812 2766 895; x_wconf 84' lang='grc' dir='ltr'>γίνεται</span> <span class='ocrx_word' id='word_1_33' title='bbox 2801 812 2899 875; x_wconf 80' lang='grc' dir='ltr'><strong>ἐπὶ</strong></span> <span class='ocrx_word' id='word_1_34' title='bbox 2926 811 3033 891; x_wconf 82' lang='grc' dir='ltr'><strong>τὴν</strong></span> <span class='ocrx_word' id='word_1_35' title='bbox 3061 812 3413 894; x_wconf 82' lang='grc' dir='ltr'>ὀγδοατικὴν</span> <span class='ocrx_word' id='word_1_36' title='bbox 3442 815 3632 895; x_wconf 83' lang='grc' dir='ltr'>φύσιν</span> <span class='ocrx_word' id='word_1_37' title='bbox 3659 813 3769 893; x_wconf 77' lang='grc' dir='ltr'><strong>τὴν</strong></span> <span class='ocrx_word' id='word_1_38' title='bbox 3800 816 3953 879; x_wconf 77' lang='grc' dir='ltr'>ἰδίαν</span> <span class='ocrx_word' id='word_1_39' title='bbox 3983 819 4079 886; x_wconf 80' lang='grc' dir='ltr'><strong>δύ-</strong></span> 
     </span>
    </p>
   </div>
   <div class='ocr_carea' id='block_1_4' title="bbox 599 913 2299 1724">
    <p class='ocr_par' dir='ltr' id='par_1_4' title="bbox 599 913 2299 1724">
     <span class='ocr_line' id='line_1_5' title="bbox 603 913 2298 1002; baseline -0.003 -19"><span class='ocrx_word' id='word_1_40' title='bbox 603 941 849 983; x_wconf 86' lang='lat' dir='ltr'><strong>necesse</strong></span> <span class='ocrx_word' id='word_1_41' title='bbox 876 915 1286 981; x_wconf 82' lang='lat' dir='ltr'><strong>arbitraretur</strong></span> <span class='ocrx_word' id='word_1_42' title='bbox 1314 913 1432 979; x_wconf 88' lang='lat' dir='ltr'><strong>hoc</strong></span> <span class='ocrx_word' id='word_1_43' title='bbox 1465 914 1863 1002; x_wconf 89' lang='lat' dir='ltr'><strong>Participium</strong></span> <span class='ocrx_word' id='word_1_44' title='bbox 1906 913 2298 978; x_wconf 89' lang='lat' dir='ltr'><strong>referendum</strong></span> 
     </span>
     <span class='ocr_line' id='line_1_6' title="bbox 604 1016 2299 1107; baseline -0.004 -20"><span class='ocrx_word' id='word_1_45' title='bbox 604 1045 734 1087; x_wconf 88' lang='lat' dir='ltr'><strong>esse</strong></span> <span class='ocrx_word' id='word_1_46' title='bbox 761 1020 842 1084; x_wconf 89' lang='lat' dir='ltr'><strong>ad</strong></span> <span class='ocrx_word' id='word_1_47' title='bbox 874 1018 1232 1107; x_wconf 84' lang='lat' dir='ltr'><strong>praecedens</strong></span> <span class='ocrx_word' id='word_1_48' title='bbox 1261 1019 1520 1100; x_wconf 83' lang='grc' dir='ltr'>ἀριθμός.</span> <span class='ocrx_word' id='word_1_49' title='bbox 1614 1017 1881 1081; x_wconf 87' lang='lat' dir='ltr'><strong>Seorsim</strong></span> <span class='ocrx_word' id='word_1_50' title='bbox 1911 1030 2119 1081; x_wconf 90' lang='lat' dir='ltr'><strong>autem</strong></span> <span class='ocrx_word' id='word_1_51' title='bbox 2164 1016 2299 1081; x_wconf 84' lang='lat' dir='ltr'><strong>haec</strong></span> 
     </span>
     <span class='ocr_line' id='line_1_7' title="bbox 604 1119 2298 1208; baseline -0.004 -19"><span class='ocrx_word' id='word_1_52' title='bbox 604 1123 908 1189; x_wconf 87' lang='lat' dir='ltr'><strong>sententia</strong></span> <span class='ocrx_word' id='word_1_53' title='bbox 934 1134 1028 1188; x_wconf 88' lang='lat' dir='ltr'><strong>est</strong></span> <span class='ocrx_word' id='word_1_54' title='bbox 1056 1119 1443 1207; x_wconf 89' lang='lat' dir='ltr'><strong>accipienda:</strong></span> <span class='ocrx_word' id='word_1_55' title='bbox 1479 1122 1810 1208; x_wconf 72' lang='lat' dir='ltr'><strong>Particeps</strong></span> <span class='ocrx_word' id='word_1_56' title='bbox 1836 1130 1948 1200; x_wconf 73' lang='lat' dir='ltr'><strong>est,</strong></span> <span class='ocrx_word' id='word_1_57' title='bbox 1976 1120 2150 1197; x_wconf 68' lang='lat' dir='ltr'><strong>dicit,</strong></span> <span class='ocrx_word' id='word_1_58' title='bbox 2181 1144 2298 1184; x_wconf 77' lang='lat' dir='ltr'><strong>nu-</strong></span> 
     </span>
     <span class='ocr_line' id='line_1_8' title="bbox 599 1223 2294 1307; baseline -0.003 -15"><span class='ocrx_word' id='word_1_59' title='bbox 599 1229 758 1292; x_wconf 73' lang='lat' dir='ltr'><strong>meri</strong></span> <span class='ocrx_word' id='word_1_60' title='bbox 787 1236 847 1291; x_wconf 76' lang='lat' dir='ltr'><strong>et</strong></span> <span class='ocrx_word' id='word_1_61' title='bbox 871 1226 1235 1289; x_wconf 73' lang='lat' dir='ltr'><strong>harmonice.</strong></span> <span class='ocrx_word' id='word_1_62' title='bbox 1327 1225 1492 1288; x_wconf 84' lang='lat' dir='ltr'><strong>Mox</strong></span> <span class='ocrx_word' id='word_1_63' title='bbox 1535 1224 1777 1306; x_wconf 80' lang='grc' dir='ltr'>ἀριθμὸς</span> <span class='ocrx_word' id='word_1_64' title='bbox 1818 1225 1935 1305; x_wconf 78' lang='grc' dir='ltr'><strong>ἄρα</strong></span> <span class='ocrx_word' id='word_1_65' title='bbox 1961 1223 1998 1303; x_wconf 84' lang='grc' dir='ltr'>ἡ</span> <span class='ocrx_word' id='word_1_66' title='bbox 2026 1223 2197 1307; x_wconf 70' lang='grc' dir='ltr'><em>ψυχή</em></span> <span class='ocrx_word' id='word_1_67' title='bbox 2241 1251 2294 1287; x_wconf 90' lang='grc' dir='ltr'><strong>κ.</strong></span> 
     </span>
     <span class='ocr_line' id='line_1_9' title="bbox 601 1325 2293 1394; baseline -0.002 0"><span class='ocrx_word' id='word_1_68' title='bbox 601 1356 656 1394; x_wconf 88' lang='grc' dir='ltr'><strong>τ.</strong></span> <span class='ocrx_word' id='word_1_69' title='bbox 688 1339 748 1394; x_wconf 85' lang='grc' dir='ltr'><strong>λ.</strong></span> <span class='ocrx_word' id='word_1_70' title='bbox 858 1330 1030 1393; x_wconf 85' lang='lat' dir='ltr'><strong>Fons</strong></span> <span class='ocrx_word' id='word_1_71' title='bbox 1075 1328 1292 1392; x_wconf 87' lang='lat' dir='ltr'><strong>harum</strong></span> <span class='ocrx_word' id='word_1_72' title='bbox 1340 1326 1782 1391; x_wconf 89' lang='lat' dir='ltr'><strong>sententiarum</strong></span> <span class='ocrx_word' id='word_1_73' title='bbox 1828 1326 1985 1390; x_wconf 91' lang='lat' dir='ltr'><strong>inest</strong></span> <span class='ocrx_word' id='word_1_74' title='bbox 2027 1325 2093 1389; x_wconf 90' lang='lat' dir='ltr'><strong>in</strong></span> <span class='ocrx_word' id='word_1_75' title='bbox 2135 1325 2293 1390; x_wconf 91' lang='lat' dir='ltr'><strong>cele-</strong></span> 
     </span>
     <span class='ocr_line' id='line_1_10' title="bbox 600 1428 2293 1514; baseline -0.004 -16"><span class='ocrx_word' id='word_1_76' title='bbox 600 1434 781 1498; x_wconf 89' lang='lat' dir='ltr'><strong>brato</strong></span> <span class='ocrx_word' id='word_1_77' title='bbox 808 1431 945 1497; x_wconf 92' lang='lat' dir='ltr'><strong>loco</strong></span> <span class='ocrx_word' id='word_1_78' title='bbox 967 1428 1274 1495; x_wconf 83' lang='lat' dir='ltr'>Platonici</span> <span class='ocrx_word' id='word_1_79' title='bbox 1299 1428 1527 1512; x_wconf 59' lang='lat' dir='ltr'><strong>Timaei</strong></span> <span class='ocrx_word' id='word_1_80' title='bbox 1556 1428 1638 1494; x_wconf 91' lang='lat' dir='ltr'><strong>de</strong></span> <span class='ocrx_word' id='word_1_81' title='bbox 1666 1428 2009 1493; x_wconf 88' lang='lat' dir='ltr'><strong>animarum</strong></span> <span class='ocrx_word' id='word_1_82' title='bbox 2040 1451 2293 1514; x_wconf 88' lang='lat' dir='ltr'><strong>genera-</strong></span> 
     </span>
     <span class='ocr_line' id='line_1_11' title="bbox 599 1530 2294 1625; baseline -0.004 -22"><span class='ocrx_word' id='word_1_83' title='bbox 599 1538 766 1603; x_wconf 84' lang='lat' dir='ltr'><strong>tione</strong></span> <span class='ocrx_word' id='word_1_84' title='bbox 795 1560 856 1625; x_wconf 89' lang='lat' dir='ltr'><strong>p.</strong></span> <span class='ocrx_word' id='word_1_85' title='bbox 879 1557 918 1623; x_wconf 83' lang='grc'>3</span> <span class='ocrx_word' id='word_1_86' title='bbox 922 1553 985 1621; x_wconf 83' lang='grc'><strong>5.</strong></span> <span class='ocrx_word' id='word_1_87' title='bbox 1020 1558 1158 1621; x_wconf 88' lang='lat' dir='ltr'><strong>sqq.</strong></span> <span class='ocrx_word' id='word_1_88' title='bbox 1189 1556 1249 1621; x_wconf 93' lang='lat' dir='ltr'><strong>p.</strong></span> <span class='ocrx_word' id='word_1_89' title='bbox 1274 1551 1380 1618; x_wconf 81' lang='lat'><strong>32.</strong></span> <span class='ocrx_word' id='word_1_90' title='bbox 1412 1556 1551 1620; x_wconf 86' lang='lat' dir='ltr'><strong>sqq.</strong></span> <span class='ocrx_word' id='word_1_91' title='bbox 1584 1531 1787 1598; x_wconf 88' lang='lat' dir='ltr'><strong>Bekk.</strong></span> <span class='ocrx_word' id='word_1_92' title='bbox 1830 1553 2016 1618; x_wconf 92' lang='lat' dir='ltr'><strong>quem</strong></span> <span class='ocrx_word' id='word_1_93' title='bbox 2051 1530 2294 1596; x_wconf 85' lang='lat' dir='ltr'>Gellius</span> 
     </span>
     <span class='ocr_line' id='line_1_12' title="bbox 602 1634 2289 1724; baseline -0.002 -21"><span class='ocrx_word' id='word_1_94' title='bbox 602 1640 742 1704; x_wconf 91' lang='lat'><strong>111.</strong></span> <span class='ocrx_word' id='word_1_95' title='bbox 781 1657 881 1716; x_wconf 86' lang='lat'><strong>10,</strong></span> <span class='ocrx_word' id='word_1_96' title='bbox 914 1636 1009 1702; x_wconf 84' lang='lat' dir='ltr'><strong>vel</strong></span> <span class='ocrx_word' id='word_1_97' title='bbox 1053 1636 1264 1724; x_wconf 91' lang='lat' dir='ltr'><strong>potius</strong></span> <span class='ocrx_word' id='word_1_98' title='bbox 1295 1636 1493 1700; x_wconf 91' lang='lat' dir='ltr'><strong>Varro</strong></span> <span class='ocrx_word' id='word_1_99' title='bbox 1535 1635 1707 1723; x_wconf 90' lang='lat' dir='ltr'><strong>apud</strong></span> <span class='ocrx_word' id='word_1_100' title='bbox 1735 1656 1876 1699; x_wconf 91' lang='lat' dir='ltr'><strong>eum</strong></span> <span class='ocrx_word' id='word_1_101' title='bbox 1925 1634 1986 1697; x_wconf 91' lang='lat' dir='ltr'><strong>in</strong></span> <span class='ocrx_word' id='word_1_102' title='bbox 2021 1634 2289 1699; x_wconf 92' lang='lat' dir='ltr'><strong>Hebdo-</strong></span> 
     </span>
    </p>
   </div>
   <div class='ocr_carea' id='block_1_5' title="bbox 495 1737 2288 1806">
    <p class='ocr_par' dir='ltr' id='par_1_5' title="bbox 495 1737 2288 1806">
     <span class='ocr_line' id='line_1_13' title="bbox 495 1737 2288 1806; baseline -0.003 0"><span class='ocrx_word' id='word_1_103' title='bbox 495 1773 500 1777; x_wconf 94' lang='lat'>·</span> <span class='ocrx_word' id='word_1_104' title='bbox 597 1741 886 1806; x_wconf 88' lang='lat' dir='ltr'><strong>madibus</strong></span> <span class='ocrx_word' id='word_1_105' title='bbox 914 1753 1058 1805; x_wconf 91' lang='lat' dir='ltr'><strong>ante</strong></span> <span class='ocrx_word' id='word_1_106' title='bbox 1077 1739 1290 1803; x_wconf 89' lang='lat' dir='ltr'><strong>oculos</strong></span> <span class='ocrx_word' id='word_1_107' title='bbox 1317 1738 1506 1803; x_wconf 88' lang='lat' dir='ltr'><strong>habet</strong></span> <span class='ocrx_word' id='word_1_108' title='bbox 1527 1753 1590 1803; x_wconf 92' lang='lat' dir='ltr'><strong>et</strong></span> <span class='ocrx_word' id='word_1_109' title='bbox 1612 1737 1974 1803; x_wconf 82' lang='lat' dir='ltr'><strong>Macrobius</strong></span> <span class='ocrx_word' id='word_1_110' title='bbox 1989 1737 2053 1801; x_wconf 92' lang='lat' dir='ltr'><strong>in</strong></span> <span class='ocrx_word' id='word_1_111' title='bbox 2076 1741 2288 1802; x_wconf 91' lang='lat' dir='ltr'><strong>Somn.</strong></span> 
     </span>
    </p>
   </div>
   <div class='ocr_carea' id='block_1_6' title="bbox 585 1840 2291 5630">
    <p class='ocr_par' dir='ltr' id='par_1_6' title="bbox 585 1840 2291 5630">
     <span class='ocr_line' id='line_1_14' title="bbox 601 1840 2291 1933; baseline -0.002 -24"><span class='ocrx_word' id='word_1_112' title='bbox 601 1846 768 1933; x_wconf 89' lang='lat' dir='ltr'><strong>Scip.</strong></span> <span class='ocrx_word' id='word_1_113' title='bbox 801 1846 860 1910; x_wconf 94' lang='grc' dir='ltr'><strong>Ι.</strong></span> <span class='ocrx_word' id='word_1_114' title='bbox 892 1845 956 1908; x_wconf 89' lang='lat'><strong>6.</strong></span> <span class='ocrx_word' id='word_1_115' title='bbox 1047 1842 1174 1922; x_wconf 84' lang='lat' dir='ltr'><strong>Qui</strong></span> <span class='ocrx_word' id='word_1_116' title='bbox 1226 1841 1530 1928; x_wconf 90' lang='lat' dir='ltr'><strong>quidem:</strong></span> <span class='ocrx_word' id='word_1_117' title='bbox 1595 1850 1640 1882; x_wconf 92' lang='lat'>“</span> <span class='ocrx_word' id='word_1_118' title='bbox 1673 1840 1846 1906; x_wconf 91' lang='lat' dir='ltr'><strong>Hinc</strong></span> <span class='ocrx_word' id='word_1_119' title='bbox 1893 1855 1957 1906; x_wconf 91' lang='lat' dir='ltr'><strong>et</strong></span> <span class='ocrx_word' id='word_1_120' title='bbox 2006 1840 2291 1905; x_wconf 86' lang='lat' dir='ltr'><strong>Timaeus</strong></span> 
     </span>
     <span class='ocr_line' id='line_1_15' title="bbox 597 1942 2284 2013; baseline -0.003 0"><span class='ocrx_word' id='word_1_121' title='bbox 597 1947 878 2013; x_wconf 79' lang='lat' dir='ltr'>Platonis</span> <span class='ocrx_word' id='word_1_122' title='bbox 929 1946 1362 2011; x_wconf 83' lang='lat' dir='ltr'><strong>fabricatorem</strong></span> <span class='ocrx_word' id='word_1_123' title='bbox 1424 1943 1759 2008; x_wconf 69' lang='lat' dir='ltr'><strong>mundante</strong></span> <span class='ocrx_word' id='word_1_124' title='bbox 1817 1942 2041 2007; x_wconf 84' lang='lat' dir='ltr'><strong>animae</strong></span> <span class='ocrx_word' id='word_1_125' title='bbox 2098 1943 2284 2008; x_wconf 91' lang='lat' dir='ltr'><strong>deum</strong></span> 
     </span>
     <span class='ocr_line' id='line_1_16' title="bbox 597 2045 2289 2137; baseline -0.002 -22"><span class='ocrx_word' id='word_1_126' title='bbox 597 2068 801 2137; x_wconf 88' lang='lat' dir='ltr'><strong>partes</strong></span> <span class='ocrx_word' id='word_1_127' title='bbox 842 2050 982 2137; x_wconf 87' lang='lat' dir='ltr'><strong>ejus</strong></span> <span class='ocrx_word' id='word_1_128' title='bbox 1022 2072 1100 2113; x_wconf 83' lang='lat' dir='ltr'><strong>ex</strong></span> <span class='ocrx_word' id='word_1_129' title='bbox 1144 2046 1278 2134; x_wconf 89' lang='lat' dir='ltr'><strong>pari</strong></span> <span class='ocrx_word' id='word_1_130' title='bbox 1321 2063 1383 2112; x_wconf 91' lang='lat' dir='ltr'><strong>et</strong></span> <span class='ocrx_word' id='word_1_131' title='bbox 1414 2047 1671 2135; x_wconf 84' lang='lat' dir='ltr'><strong>impari,</strong></span> <span class='ocrx_word' id='word_1_132' title='bbox 1702 2046 1767 2111; x_wconf 92' lang='lat' dir='ltr'><strong>id</strong></span> <span class='ocrx_word' id='word_1_133' title='bbox 1797 2062 1914 2127; x_wconf 90' lang='lat' dir='ltr'><strong>est,</strong></span> <span class='ocrx_word' id='word_1_134' title='bbox 1945 2045 2195 2134; x_wconf 82' lang='lat' dir='ltr'><strong>duplari</strong></span> <span class='ocrx_word' id='word_1_135' title='bbox 2226 2061 2289 2112; x_wconf 88' lang='lat' dir='ltr'><strong>et</strong></span> 
     </span>
     <span class='ocr_line' id='line_1_17' title="bbox 595 2149 2285 2242; baseline -0.004 -23"><span class='ocrx_word' id='word_1_136' title='bbox 595 2153 832 2242; x_wconf 84' lang='lat' dir='ltr'><strong>triplari</strong></span> <span class='ocrx_word' id='word_1_137' title='bbox 870 2175 1132 2217; x_wconf 89' lang='lat' dir='ltr'><strong>numero</strong></span> <span class='ocrx_word' id='word_1_138' title='bbox 1157 2149 1590 2216; x_wconf 82' lang='lat' dir='ltr'><strong>intertexuisse</strong></span> <span class='ocrx_word' id='word_1_139' title='bbox 1635 2149 2285 2214; x_wconf 83' lang='lat' dir='ltr'><strong>memoravit.—Prae-</strong></span> 
     </span>
     <span class='ocr_line' id='line_1_18' title="bbox 593 2253 2288 2322; baseline -0.002 -1"><span class='ocrx_word' id='word_1_140' title='bbox 593 2256 817 2322; x_wconf 85' lang='lat' dir='ltr'><strong>cedens</strong></span> <span class='ocrx_word' id='word_1_141' title='bbox 843 2267 1053 2320; x_wconf 85' lang='lat' dir='ltr'><strong>autem</strong></span> <span class='ocrx_word' id='word_1_142' title='bbox 1088 2267 1389 2319; x_wconf 86' lang='lat' dir='ltr'><strong>tractatus</strong></span> <span class='ocrx_word' id='word_1_143' title='bbox 1428 2253 1665 2318; x_wconf 88' lang='lat' dir='ltr'><strong>invenit</strong></span> <span class='ocrx_word' id='word_1_144' title='bbox 1704 2277 1997 2318; x_wconf 89' lang='lat' dir='ltr'><strong>numeros</strong></span> <span class='ocrx_word' id='word_1_145' title='bbox 2038 2268 2102 2317; x_wconf 92' lang='lat' dir='ltr'><strong>et</strong></span> <span class='ocrx_word' id='word_1_146' title='bbox 2143 2269 2288 2318; x_wconf 91' lang='lat' dir='ltr'><strong>ante</strong></span> 
     </span>
     <span class='ocr_line' id='line_1_19' title="bbox 594 2354 2285 2444; baseline -0.003 -20"><span class='ocrx_word' id='word_1_147' title='bbox 594 2360 861 2425; x_wconf 87' lang='lat' dir='ltr'><strong>animam</strong></span> <span class='ocrx_word' id='word_1_148' title='bbox 927 2356 1149 2423; x_wconf 89' lang='lat' dir='ltr'><strong>mundi</strong></span> <span class='ocrx_word' id='word_1_149' title='bbox 1212 2356 1425 2435; x_wconf 88' lang='lat' dir='ltr'><strong>fuisse,</strong></span> <span class='ocrx_word' id='word_1_150' title='bbox 1489 2356 1722 2444; x_wconf 90' lang='lat' dir='ltr'><strong>quibus</strong></span> <span class='ocrx_word' id='word_1_151' title='bbox 1790 2354 1957 2420; x_wconf 89' lang='lat' dir='ltr'><strong>illam</strong></span> <span class='ocrx_word' id='word_1_152' title='bbox 2030 2371 2285 2420; x_wconf 82' lang='lat' dir='ltr'><strong>contex-</strong></span> 
     </span>
     <span class='ocr_line' id='line_1_20' title="bbox 589 2458 2288 2548; baseline -0.004 -20"><span class='ocrx_word' id='word_1_153' title='bbox 589 2479 717 2528; x_wconf 85' lang='lat' dir='ltr'><strong>tam</strong></span> <span class='ocrx_word' id='word_1_154' title='bbox 746 2460 1180 2548; x_wconf 83' lang='lat' dir='ltr'><strong>augustissime</strong></span> <span class='ocrx_word' id='word_1_155' title='bbox 1205 2459 1434 2524; x_wconf 86' lang='lat' dir='ltr'><strong>Timaei</strong></span> <span class='ocrx_word' id='word_1_156' title='bbox 1465 2458 1624 2524; x_wconf 92' lang='lat' dir='ltr'><strong>ratio</strong></span> <span class='ocrx_word' id='word_1_157' title='bbox 1652 2475 1895 2524; x_wconf 83' lang='lat' dir='ltr'><strong>naturae</strong></span> <span class='ocrx_word' id='word_1_158' title='bbox 1922 2459 2118 2546; x_wconf 85' lang='lat' dir='ltr'><strong>ipsius</strong></span> <span class='ocrx_word' id='word_1_159' title='bbox 2144 2482 2288 2523; x_wconf 87' lang='lat' dir='ltr'><strong>con·</strong></span> 
     </span>
     <span class='ocr_line' id='line_1_21' title="bbox 592 2561 2283 2649; baseline -0.003 -19"><span class='ocrx_word' id='word_1_160' title='bbox 592 2565 715 2630; x_wconf 89' lang='lat' dir='ltr'><strong>scia</strong></span> <span class='ocrx_word' id='word_1_161' title='bbox 742 2581 806 2630; x_wconf 93' lang='lat' dir='ltr'><strong>et</strong></span> <span class='ocrx_word' id='word_1_162' title='bbox 837 2564 1006 2628; x_wconf 88' lang='lat' dir='ltr'><strong>testis</strong></span> <span class='ocrx_word' id='word_1_163' title='bbox 1034 2564 1351 2649; x_wconf 83' lang='lat' dir='ltr'><strong>expressit.</strong></span> <span class='ocrx_word' id='word_1_164' title='bbox 1445 2561 1616 2627; x_wconf 89' lang='lat' dir='ltr'><strong>Hinc</strong></span> <span class='ocrx_word' id='word_1_165' title='bbox 1645 2576 1759 2639; x_wconf 89' lang='lat' dir='ltr'><strong>est,</strong></span> <span class='ocrx_word' id='word_1_166' title='bbox 1788 2563 1959 2649; x_wconf 90' lang='lat' dir='ltr'><strong>quod</strong></span> <span class='ocrx_word' id='word_1_167' title='bbox 2006 2584 2283 2649; x_wconf 89' lang='lat' dir='ltr'><strong>pronun-</strong></span> 
     </span>
     <span class='ocr_line' id='line_1_22' title="bbox 592 2664 2281 2753; baseline -0.004 -19"><span class='ocrx_word' id='word_1_168' title='bbox 592 2668 744 2734; x_wconf 88' lang='lat' dir='ltr'><strong>tiare</strong></span> <span class='ocrx_word' id='word_1_169' title='bbox 773 2690 895 2733; x_wconf 89' lang='lat' dir='ltr'><strong>non</strong></span> <span class='ocrx_word' id='word_1_170' title='bbox 927 2666 1292 2732; x_wconf 84' lang='lat' dir='ltr'><strong>dubitavere</strong></span> <span class='ocrx_word' id='word_1_171' title='bbox 1338 2664 1644 2753; x_wconf 88' lang='lat' dir='ltr'><strong>sapientes</strong></span> <span class='ocrx_word' id='word_1_172' title='bbox 1687 2665 1953 2729; x_wconf 87' lang='lat' dir='ltr'><strong>animam</strong></span> <span class='ocrx_word' id='word_1_173' title='bbox 1992 2687 2122 2728; x_wconf 87' lang='lat' dir='ltr'><strong>esse</strong></span> <span class='ocrx_word' id='word_1_174' title='bbox 2164 2686 2281 2727; x_wconf 89' lang='lat' dir='ltr'><strong>nu-</strong></span> 
     </span>
     <span class='ocr_line' id='line_1_23' title="bbox 590 2766 2286 2855; baseline -0.003 -19"><span class='ocrx_word' id='word_1_175' title='bbox 590 2794 828 2836; x_wconf 89' lang='lat' dir='ltr'><strong>merum</strong></span> <span class='ocrx_word' id='word_1_176' title='bbox 872 2794 938 2835; x_wconf 86' lang='lat' dir='ltr'><strong>se</strong></span> <span class='ocrx_word' id='word_1_177' title='bbox 980 2770 1390 2833; x_wconf 78' lang='lat' dir='ltr'><strong>moventem.”</strong></span> <span class='ocrx_word' id='word_1_178' title='bbox 1480 2768 1811 2855; x_wconf 89' lang='lat' dir='ltr'><strong>(Sequitur</strong></span> <span class='ocrx_word' id='word_1_179' title='bbox 1837 2766 2181 2854; x_wconf 89' lang='lat' dir='ltr'><strong>disputatio</strong></span> <span class='ocrx_word' id='word_1_180' title='bbox 2205 2767 2286 2831; x_wconf 93' lang='lat' dir='ltr'><strong>de</strong></span> 
     </span>
     <span class='ocr_line' id='line_1_24' title="bbox 589 2870 2286 2962; baseline -0.004 -22"><span class='ocrx_word' id='word_1_181' title='bbox 589 2873 936 2962; x_wconf 89' lang='lat' dir='ltr'><strong>septenario</strong></span> <span class='ocrx_word' id='word_1_182' title='bbox 963 2895 1255 2945; x_wconf 82' lang='lat' dir='ltr'><strong>numero;</strong></span> <span class='ocrx_word' id='word_1_183' title='bbox 1288 2871 1368 2935; x_wconf 89' lang='lat' dir='ltr'><strong>de</strong></span> <span class='ocrx_word' id='word_1_184' title='bbox 1396 2894 1527 2958; x_wconf 92' lang='lat' dir='ltr'><strong>quo</strong></span> <span class='ocrx_word' id='word_1_185' title='bbox 1554 2871 1838 2935; x_wconf 84' lang='lat' dir='ltr'><strong>laudasse</strong></span> <span class='ocrx_word' id='word_1_186' title='bbox 1867 2893 2034 2934; x_wconf 91' lang='lat' dir='ltr'><strong>nunc</strong></span> <span class='ocrx_word' id='word_1_187' title='bbox 2061 2870 2286 2935; x_wconf 88' lang='lat' dir='ltr'><strong>sufficit</strong></span> 
     </span>
     <span class='ocr_line' id='line_1_25' title="bbox 587 2970 2283 3062; baseline -0.003 -20"><span class='ocrx_word' id='word_1_188' title='bbox 587 2974 1006 3043; x_wconf 84' lang='lat' dir='ltr'><strong>Valckenaerii</strong></span> <span class='ocrx_word' id='word_1_189' title='bbox 1037 2973 1523 3062; x_wconf 89' lang='lat' dir='ltr'><strong>disputationem</strong></span> <span class='ocrx_word' id='word_1_190' title='bbox 1549 2972 1630 3037; x_wconf 90' lang='lat' dir='ltr'><strong>de</strong></span> <span class='ocrx_word' id='word_1_191' title='bbox 1661 2970 2032 3037; x_wconf 85' lang='lat' dir='ltr'><strong>Aristobulo</strong></span> <span class='ocrx_word' id='word_1_192' title='bbox 2053 2973 2091 3037; x_wconf 86' lang='lat' dir='ltr'>J</span> <span class='ocrx_word' id='word_1_193' title='bbox 2100 2971 2283 3037; x_wconf 87' lang='lat' dir='ltr'><strong>udaeo</strong></span> 
     </span>
     <span class='ocr_line' id='line_1_26' title="bbox 587 3075 2279 3168; baseline -0.002 -24"><span class='ocrx_word' id='word_1_194' title='bbox 587 3104 651 3168; x_wconf 90' lang='lat' dir='ltr'><strong>p.</strong></span> <span class='ocrx_word' id='word_1_195' title='bbox 682 3098 787 3165; x_wconf 93' lang='lat'><strong>97.</strong></span> <span class='ocrx_word' id='word_1_196' title='bbox 820 3084 991 3165; x_wconf 93' lang='lat' dir='ltr'><strong>sqq.)</strong></span> <span class='ocrx_word' id='word_1_197' title='bbox 1085 3077 1187 3143; x_wconf 84' lang='lat' dir='ltr'><strong>Cf.</strong></span> <span class='ocrx_word' id='word_1_198' title='bbox 1222 3075 1488 3141; x_wconf 91' lang='lat' dir='ltr'><strong>eundem</strong></span> <span class='ocrx_word' id='word_1_199' title='bbox 1523 3075 1814 3141; x_wconf 88' lang='lat' dir='ltr'><strong>Macrob.</strong></span> <span class='ocrx_word' id='word_1_200' title='bbox 1848 3076 1949 3140; x_wconf 92' lang='lat'><strong>11.</strong></span> <span class='ocrx_word' id='word_1_201' title='bbox 1986 3093 2045 3140; x_wconf 89' lang='lat'><strong>2.</strong></span> <span class='ocrx_word' id='word_1_202' title='bbox 2122 3078 2279 3140; x_wconf 93' lang='lat' dir='ltr'><strong>Por-</strong></span> 
     </span>
     <span class='ocr_line' id='line_1_27' title="bbox 586 3179 2278 3271; baseline -0.001 -26"><span class='ocrx_word' id='word_1_203' title='bbox 586 3182 850 3271; x_wconf 90' lang='lat' dir='ltr'><strong>phyrius</strong></span> <span class='ocrx_word' id='word_1_204' title='bbox 885 3181 949 3245; x_wconf 91' lang='lat' dir='ltr'><strong>in</strong></span> <span class='ocrx_word' id='word_1_205' title='bbox 986 3182 1289 3245; x_wconf 89' lang='lat' dir='ltr'><strong>Sententt.</strong></span> <span class='ocrx_word' id='word_1_206' title='bbox 1327 3180 1543 3243; x_wconf 91' lang='lat' dir='ltr'><strong>XIX.</strong></span> <span class='ocrx_word' id='word_1_207' title='bbox 1589 3203 1654 3267; x_wconf 92' lang='lat' dir='ltr'><strong>p.</strong></span> <span class='ocrx_word' id='word_1_208' title='bbox 1692 3197 1835 3265; x_wconf 80' lang='lat'><strong>225.</strong></span> <span class='ocrx_word' id='word_1_209' title='bbox 1870 3179 2278 3265; x_wconf 68' lang='lat' dir='ltr'><strong>cantabrig:</strong></span> 
     </span>
     <span class='ocr_line' id='line_1_28' title="bbox 587 3282 2282 3369; baseline -0.003 -18"><span class='ocrx_word' id='word_1_210' title='bbox 587 3287 731 3351; x_wconf 84' lang='grc' dir='ltr'>ὅταν</span> <span class='ocrx_word' id='word_1_211' title='bbox 772 3283 891 3369; x_wconf 83' lang='grc' dir='ltr'><strong>γὰρ</strong></span> <span class='ocrx_word' id='word_1_212' title='bbox 929 3283 1002 3347; x_wconf 81' lang='grc' dir='ltr'><strong>τὸ</strong></span> <span class='ocrx_word' id='word_1_213' title='bbox 1046 3289 1193 3361; x_wconf 78' lang='grc' dir='ltr'>ζῶον</span> <span class='ocrx_word' id='word_1_214' title='bbox 1233 3282 1606 3363; x_wconf 78' lang='grc' dir='ltr'>αἰσθάνηται,</span> <span class='ocrx_word' id='word_1_215' title='bbox 1652 3283 1844 3348; x_wconf 84' lang='grc' dir='ltr'>ἔοικεν</span> <span class='ocrx_word' id='word_1_216' title='bbox 1882 3284 1919 3364; x_wconf 84' lang='grc' dir='ltr'><strong><em>ἦ</em></strong></span> <span class='ocrx_word' id='word_1_217' title='bbox 1960 3285 2074 3364; x_wconf 74' lang='grc' dir='ltr'><strong>μὲν</strong></span> <span class='ocrx_word' id='word_1_218' title='bbox 2112 3283 2282 3366; x_wconf 76' lang='grc' dir='ltr'>ψυχὴ</span> 
     </span>
     <span class='ocr_line' id='line_1_29' title="bbox 591 3387 2280 3474; baseline -0.001 -3"><span class='ocrx_word' id='word_1_219' title='bbox 591 3389 845 3474; x_wconf 74' lang='grc' dir='ltr'>ἂρμονίῳ</span> <span class='ocrx_word' id='word_1_220' title='bbox 878 3387 1029 3474; x_wconf 78' lang='lat' dir='ltr'><strong>(1eg.</strong></span> <span class='ocrx_word' id='word_1_221' title='bbox 1060 3388 1339 3472; x_wconf 66' lang='grc' dir='ltr'>ἁρμονίᾳ)</span> <span class='ocrx_word' id='word_1_222' title='bbox 1366 3390 1646 3470; x_wconf 73' lang='grc' dir='ltr'><strong>χωριστῇ.</strong></span> <span class='ocrx_word' id='word_1_223' title='bbox 1681 3389 1745 3466; x_wconf 72' lang='grc' dir='ltr'><strong>ἐξ</strong></span> <span class='ocrx_word' id='word_1_224' title='bbox 1776 3388 1981 3466; x_wconf 68' lang='grc' dir='ltr'>ἑαυτῆς</span> <span class='ocrx_word' id='word_1_225' title='bbox 2007 3389 2111 3453; x_wconf 67' lang='grc' dir='ltr'>τὰς</span> <span class='ocrx_word' id='word_1_226' title='bbox 2136 3411 2280 3469; x_wconf 76' lang='grc' dir='ltr'>χορ·</span> 
     </span>
     <span class='ocr_line' id='line_1_30' title="bbox 588 3489 2279 3573; baseline -0.004 -17"><span class='ocrx_word' id='word_1_227' title='bbox 588 3491 689 3560; x_wconf 82' lang='grc' dir='ltr'>δὰς</span> <span class='ocrx_word' id='word_1_228' title='bbox 718 3494 962 3570; x_wconf 79' lang='grc' dir='ltr'>κινούσῃ</span> <span class='ocrx_word' id='word_1_229' title='bbox 992 3489 1386 3573; x_wconf 84' lang='grc' dir='ltr'>ἡρμοσμένας·</span> <span class='ocrx_word' id='word_1_230' title='bbox 1437 3493 1505 3568; x_wconf 81' lang='grc' dir='ltr'><strong>τῇ</strong></span> <span class='ocrx_word' id='word_1_231' title='bbox 1538 3491 1603 3552; x_wconf 79' lang='grc' dir='ltr'><strong>δὲ</strong></span> <span class='ocrx_word' id='word_1_232' title='bbox 1635 3490 1705 3553; x_wconf 78' lang='grc' dir='ltr'><strong>ἐν</strong></span> <span class='ocrx_word' id='word_1_233' title='bbox 1733 3494 1861 3556; x_wconf 79' lang='grc' dir='ltr'>ταῖς</span> <span class='ocrx_word' id='word_1_234' title='bbox 1890 3492 2133 3572; x_wconf 79' lang='grc' dir='ltr'>χορδαῖς</span> <span class='ocrx_word' id='word_1_235' title='bbox 2175 3490 2279 3570; x_wconf 80' lang='grc' dir='ltr'><strong>ἁρ-</strong></span> 
     </span>
     <span class='ocr_line' id='line_1_31' title="bbox 586 3590 2278 3680; baseline -0.004 -20"><span class='ocrx_word' id='word_1_236' title='bbox 586 3597 760 3680; x_wconf 73' lang='grc' dir='ltr'>μονίᾳ</span> <span class='ocrx_word' id='word_1_237' title='bbox 803 3594 1137 3680; x_wconf 75' lang='grc' dir='ltr'>ἆχωρίστῳ,</span> <span class='ocrx_word' id='word_1_238' title='bbox 1169 3593 1236 3656; x_wconf 85' lang='grc' dir='ltr'><strong>τὸ</strong></span> <span class='ocrx_word' id='word_1_239' title='bbox 1281 3597 1472 3670; x_wconf 81' lang='grc' dir='ltr'>σῶμα.</span> <span class='ocrx_word' id='word_1_240' title='bbox 1567 3591 1678 3676; x_wconf 67' lang='grc' dir='ltr'><strong>Οἱ.</strong></span> <span class='ocrx_word' id='word_1_241' title='bbox 1719 3590 1922 3677; x_wconf 91' lang='lat' dir='ltr'><strong>ipsum</strong></span> <span class='ocrx_word' id='word_1_242' title='bbox 1959 3590 2278 3655; x_wconf 87' lang='lat' dir='ltr'><strong>Plotinum</strong></span> 
     </span>
     <span class='ocr_line' id='line_1_32' title="bbox 588 3692 2277 3786; baseline -0.004 -24"><span class='ocrx_word' id='word_1_243' title='bbox 588 3720 775 3786; x_wconf 88' lang='lat' dir='ltr'><strong>supra</strong></span> <span class='ocrx_word' id='word_1_244' title='bbox 817 3721 881 3785; x_wconf 89' lang='lat' dir='ltr'><strong>p.</strong></span> <span class='ocrx_word' id='word_1_245' title='bbox 913 3716 1064 3782; x_wconf 84' lang='lat'><strong>307.</strong></span> <span class='ocrx_word' id='word_1_246' title='bbox 1094 3696 1270 3761; x_wconf 87' lang='lat' dir='ltr'><strong>E.F.</strong></span> <span class='ocrx_word' id='word_1_247' title='bbox 1364 3693 1554 3762; x_wconf 86' lang='lat' dir='ltr'><strong>Quod</strong></span> <span class='ocrx_word' id='word_1_248' title='bbox 1593 3717 1740 3757; x_wconf 87' lang='lat' dir='ltr'><strong>vero</strong></span> <span class='ocrx_word' id='word_1_249' title='bbox 1770 3693 1955 3758; x_wconf 86' lang='lat' dir='ltr'><strong>Plato</strong></span> <span class='ocrx_word' id='word_1_250' title='bbox 1994 3692 2057 3756; x_wconf 91' lang='lat' dir='ltr'><strong>in</strong></span> <span class='ocrx_word' id='word_1_251' title='bbox 2092 3693 2277 3757; x_wconf 83' lang='lat' dir='ltr'><strong>Phoe-</strong></span> 
     </span>
     <span class='ocr_line' id='line_1_33' title="bbox 587 3794 2277 3886; baseline -0.005 -20"><span class='ocrx_word' id='word_1_252' title='bbox 587 3801 748 3866; x_wconf 92' lang='lat' dir='ltr'><strong>done</strong></span> <span class='ocrx_word' id='word_1_253' title='bbox 774 3794 991 3866; x_wconf 88' lang='lat' dir='ltr'><strong>eorum</strong></span> <span class='ocrx_word' id='word_1_254' title='bbox 1022 3798 1374 3886; x_wconf 88' lang='lat' dir='ltr'><strong>opinionem</strong></span> <span class='ocrx_word' id='word_1_255' title='bbox 1405 3796 1659 3873; x_wconf 84' lang='lat' dir='ltr'><strong>refutat,</strong></span> <span class='ocrx_word' id='word_1_256' title='bbox 1690 3797 1802 3884; x_wconf 90' lang='lat' dir='ltr'><strong>qui</strong></span> <span class='ocrx_word' id='word_1_257' title='bbox 1845 3795 2113 3859; x_wconf 89' lang='lat' dir='ltr'><strong>animam</strong></span> <span class='ocrx_word' id='word_1_258' title='bbox 2157 3795 2277 3859; x_wconf 90' lang='lat' dir='ltr'><strong>hu-</strong></span> 
     </span>
     <span class='ocr_line' id='line_1_34' title="bbox 585 3897 2276 3984; baseline -0.004 -16"><span class='ocrx_word' id='word_1_259' title='bbox 585 3927 830 3970; x_wconf 89' lang='lat' dir='ltr'><strong>manam</strong></span> <span class='ocrx_word' id='word_1_260' title='bbox 877 3901 1260 3967; x_wconf 86' lang='lat' dir='ltr'><strong>harmoniam</strong></span> <span class='ocrx_word' id='word_1_261' title='bbox 1309 3900 1667 3966; x_wconf 86' lang='lat' dir='ltr'><strong>statuebant</strong></span> <span class='ocrx_word' id='word_1_262' title='bbox 1713 3923 1865 3977; x_wconf 88' lang='lat' dir='ltr'><strong>esse,</strong></span> <span class='ocrx_word' id='word_1_263' title='bbox 1910 3898 2030 3962; x_wconf 92' lang='lat' dir='ltr'><strong>hoc</strong></span> <span class='ocrx_word' id='word_1_264' title='bbox 2075 3897 2276 3984; x_wconf 82' lang='lat' dir='ltr'><strong>haud-</strong></span> 
     </span>
     <span class='ocr_line' id='line_1_35' title="bbox 586 3998 2280 4095; baseline -0.005 -24"><span class='ocrx_word' id='word_1_265' title='bbox 586 4030 903 4095; x_wconf 88' lang='lat' dir='ltr'><strong>quaquam</strong></span> <span class='ocrx_word' id='word_1_266' title='bbox 944 4020 1189 4095; x_wconf 88' lang='lat' dir='ltr'><strong>pugnat</strong></span> <span class='ocrx_word' id='word_1_267' title='bbox 1222 4027 1365 4070; x_wconf 91' lang='lat' dir='ltr'><strong>cum</strong></span> <span class='ocrx_word' id='word_1_268' title='bbox 1404 4003 1601 4092; x_wconf 87' lang='lat' dir='ltr'><strong>ipsius</strong></span> <span class='ocrx_word' id='word_1_269' title='bbox 1638 4002 1922 4067; x_wconf 89' lang='lat' dir='ltr'><strong>doctrina</strong></span> <span class='ocrx_word' id='word_1_270' title='bbox 1953 4000 2018 4065; x_wconf 91' lang='lat' dir='ltr'><strong>in</strong></span> <span class='ocrx_word' id='word_1_271' title='bbox 2051 3998 2280 4064; x_wconf 83' lang='lat' dir='ltr'><strong>Timaei</strong></span> 
     </span>
     <span class='ocr_line' id='line_1_36' title="bbox 586 4094 2280 4175; baseline -0.005 -2"><span class='ocrx_word' id='word_1_272' title='bbox 586 4109 630 4175; x_wconf 93' lang='lat' dir='ltr'><strong>l.</strong></span> <span class='ocrx_word' id='word_1_273' title='bbox 653 4112 693 4175; x_wconf 89' lang='lat' dir='ltr'><strong>l.</strong></span> <span class='ocrx_word' id='word_1_274' title='bbox 730 4109 1055 4175; x_wconf 88' lang='lat' dir='ltr'><strong>ubi&#39;tradit</strong></span> <span class='ocrx_word' id='word_1_275' title='bbox 1082 4107 1351 4173; x_wconf 90' lang='lat' dir='ltr'><strong>animam</strong></span> <span class='ocrx_word' id='word_1_276' title='bbox 1381 4131 1458 4172; x_wconf 87' lang='lat' dir='ltr'><strong>ex</strong></span> <span class='ocrx_word' id='word_1_277' title='bbox 1491 4105 1751 4171; x_wconf 86' lang='lat' dir='ltr'><strong>diversis</strong></span> <span class='ocrx_word' id='word_1_278' title='bbox 1795 4094 2066 4168; x_wconf 84' lang='lat' dir='ltr'><strong>materiis</strong></span> <span class='ocrx_word' id='word_1_279' title='bbox 2095 4126 2133 4166; x_wconf 91' lang='lat' dir='ltr'><strong>a</strong></span> <span class='ocrx_word' id='word_1_280' title='bbox 2160 4102 2280 4166; x_wconf 89' lang='lat' dir='ltr'><strong>deo</strong></span> 
     </span>
     <span class='ocr_line' id='line_1_37' title="bbox 585 4207 2277 4298; baseline -0.005 -20"><span class='ocrx_word' id='word_1_281' title='bbox 585 4213 663 4278; x_wconf 89' lang='lat' dir='ltr'><strong>ad</strong></span> <span class='ocrx_word' id='word_1_282' title='bbox 692 4229 922 4278; x_wconf 90' lang='lat' dir='ltr'><strong>certam</strong></span> <span class='ocrx_word' id='word_1_283' title='bbox 954 4211 1254 4276; x_wconf 89' lang='lat' dir='ltr'><strong>rationem</strong></span> <span class='ocrx_word' id='word_1_284' title='bbox 1285 4227 1349 4274; x_wconf 89' lang='lat' dir='ltr'><strong>et</strong></span> <span class='ocrx_word' id='word_1_285' title='bbox 1379 4209 1838 4298; x_wconf 86' lang='lat' dir='ltr'><strong>proportionem</strong></span> <span class='ocrx_word' id='word_1_286' title='bbox 1866 4207 2092 4271; x_wconf 87' lang='lat' dir='ltr'><strong>factam</strong></span> <span class='ocrx_word' id='word_1_287' title='bbox 2125 4229 2277 4284; x_wconf 83' lang='lat' dir='ltr'><strong>esse,</strong></span> 
     </span>
     <span class='ocr_line' id='line_1_38' title="bbox 586 4308 2281 4381; baseline -0.005 -1"><span class='ocrx_word' id='word_1_288' title='bbox 586 4331 648 4381; x_wconf 90' lang='lat' dir='ltr'><strong>et</strong></span> <span class='ocrx_word' id='word_1_289' title='bbox 673 4316 757 4381; x_wconf 91' lang='lat' dir='ltr'><strong>ab</strong></span> <span class='ocrx_word' id='word_1_290' title='bbox 783 4314 1210 4380; x_wconf 82' lang='lat' dir='ltr'><strong>inconstantiae</strong></span> <span class='ocrx_word' id='word_1_291' title='bbox 1236 4312 1491 4379; x_wconf 90' lang='lat' dir='ltr'><strong>crimine</strong></span> <span class='ocrx_word' id='word_1_292' title='bbox 1522 4311 1635 4376; x_wconf 88' lang='lat' dir='ltr'><strong>hac</strong></span> <span class='ocrx_word' id='word_1_293' title='bbox 1663 4310 1728 4375; x_wconf 92' lang='lat' dir='ltr'><strong>in</strong></span> <span class='ocrx_word' id='word_1_294' title='bbox 1758 4333 1944 4375; x_wconf 91' lang='lat' dir='ltr'><strong>causa</strong></span> <span class='ocrx_word' id='word_1_295' title='bbox 1971 4332 2114 4375; x_wconf 90' lang='lat' dir='ltr'><strong>eum</strong></span> <span class='ocrx_word' id='word_1_296' title='bbox 2151 4308 2281 4372; x_wconf 84' lang='lat' dir='ltr'><strong>vin-</strong></span> 
     </span>
     <span class='ocr_line' id='line_1_39' title="bbox 587 4413 2281 4502; baseline -0.002 -20"><span class='ocrx_word' id='word_1_297' title='bbox 587 4417 816 4484; x_wconf 81' lang='lat' dir='ltr'><strong>dicavit</strong></span> <span class='ocrx_word' id='word_1_298' title='bbox 861 4415 1121 4483; x_wconf 90' lang='lat' dir='ltr'><strong>Proclus</strong></span> <span class='ocrx_word' id='word_1_299' title='bbox 1163 4416 1226 4479; x_wconf 91' lang='lat' dir='ltr'><strong>in</strong></span> <span class='ocrx_word' id='word_1_300' title='bbox 1260 4415 1577 4481; x_wconf 73' lang='lat' dir='ltr'><strong>Timaeum</strong></span> <span class='ocrx_word' id='word_1_301' title='bbox 1615 4416 1751 4478; x_wconf 92' lang='grc' dir='ltr'><strong>ΙΙΙ.</strong></span> <span class='ocrx_word' id='word_1_302' title='bbox 1800 4437 1865 4502; x_wconf 93' lang='lat' dir='ltr'><strong>p.</strong></span> <span class='ocrx_word' id='word_1_303' title='bbox 1902 4413 2043 4497; x_wconf 87' lang='lat'><strong>178.</strong></span> <span class='ocrx_word' id='word_1_304' title='bbox 2137 4416 2281 4493; x_wconf 83' lang='lat' dir='ltr'><strong>Qua</strong></span> 
     </span>
     <span class='ocr_line' id='line_1_40' title="bbox 586 4516 2276 4609; baseline -0.003 -24"><span class='ocrx_word' id='word_1_305' title='bbox 586 4520 666 4588; x_wconf 91' lang='lat' dir='ltr'><strong>de</strong></span> <span class='ocrx_word' id='word_1_306' title='bbox 707 4546 775 4588; x_wconf 92' lang='lat' dir='ltr'><strong>re</strong></span> <span class='ocrx_word' id='word_1_307' title='bbox 816 4519 1105 4609; x_wconf 89' lang='lat' dir='ltr'><strong>pluribus</strong></span> <span class='ocrx_word' id='word_1_308' title='bbox 1147 4518 1278 4606; x_wconf 86' lang='lat' dir='ltr'><strong>agit</strong></span> <span class='ocrx_word' id='word_1_309' title='bbox 1308 4517 1843 4605; x_wconf 85' lang='lat' dir='ltr'><strong>Wyttenbachius</strong></span> <span class='ocrx_word' id='word_1_310' title='bbox 1887 4516 1968 4581; x_wconf 89' lang='lat' dir='ltr'><strong>ad</strong></span> <span class='ocrx_word' id='word_1_311' title='bbox 2006 4516 2276 4581; x_wconf 87' lang='lat' dir='ltr'><strong>Phaedo-</strong></span> 
     </span>
     <span class='ocr_line' id='line_1_41' title="bbox 590 4619 2278 4714; baseline -0.002 -25"><span class='ocrx_word' id='word_1_312' title='bbox 590 4648 729 4690; x_wconf 89' lang='lat' dir='ltr'><strong>nem</strong></span> <span class='ocrx_word' id='word_1_313' title='bbox 758 4649 826 4714; x_wconf 90' lang='lat' dir='ltr'><strong>p.</strong></span> <span class='ocrx_word' id='word_1_314' title='bbox 854 4626 995 4705; x_wconf 85' lang='lat'><strong>248.</strong></span> <span class='ocrx_word' id='word_1_315' title='bbox 1058 4625 1352 4687; x_wconf 89' lang='lat' dir='ltr'><strong>Ceterum</strong></span> <span class='ocrx_word' id='word_1_316' title='bbox 1383 4620 1491 4685; x_wconf 88' lang='lat' dir='ltr'><strong>illa</strong></span> <span class='ocrx_word' id='word_1_317' title='bbox 1520 4619 1751 4685; x_wconf 83' lang='lat' dir='ltr'><strong>Timaei</strong></span> <span class='ocrx_word' id='word_1_318' title='bbox 1780 4620 2009 4708; x_wconf 88' lang='lat' dir='ltr'><strong>placita</strong></span> <span class='ocrx_word' id='word_1_319' title='bbox 2033 4620 2278 4708; x_wconf 87' lang='lat' dir='ltr'><strong>respicit</strong></span> 
     </span>
     <span class='ocr_line' id='line_1_42' title="bbox 591 4723 2274 4814; baseline -0.004 -21"><span class='ocrx_word' id='word_1_320' title='bbox 591 4731 883 4804; x_wconf 82' lang='lat' dir='ltr'><strong>Hermes,</strong></span> <span class='ocrx_word' id='word_1_321' title='bbox 921 4726 1031 4814; x_wconf 92' lang='lat' dir='ltr'><strong>qui</strong></span> <span class='ocrx_word' id='word_1_322' title='bbox 1074 4726 1298 4803; x_wconf 85' lang='lat' dir='ltr'><strong>fertur,</strong></span> <span class='ocrx_word' id='word_1_323' title='bbox 1328 4723 1392 4788; x_wconf 90' lang='lat' dir='ltr'><strong>in</strong></span> <span class='ocrx_word' id='word_1_324' title='bbox 1422 4723 1793 4788; x_wconf 90' lang='lat' dir='ltr'><strong>Poemandr.</strong></span> <span class='ocrx_word' id='word_1_325' title='bbox 1831 4725 1886 4787; x_wconf 92' lang='grc' dir='ltr'><strong>Ι.</strong></span> <span class='ocrx_word' id='word_1_326' title='bbox 1924 4741 2024 4803; x_wconf 86' lang='lat'><strong>24.</strong></span> <span class='ocrx_word' id='word_1_327' title='bbox 2075 4746 2135 4810; x_wconf 92' lang='lat' dir='ltr'><strong>p.</strong></span> <span class='ocrx_word' id='word_1_328' title='bbox 2180 4743 2274 4786; x_wconf 91' lang='lat'><strong>11.</strong></span> 
     </span>
     <span class='ocr_line' id='line_1_43' title="bbox 589 4825 2276 4916; baseline -0.005 -20"><span class='ocrx_word' id='word_1_329' title='bbox 589 4831 683 4896; x_wconf 89' lang='lat' dir='ltr'><strong>ed.</strong></span> <span class='ocrx_word' id='word_1_330' title='bbox 718 4831 960 4896; x_wconf 83' lang='lat' dir='ltr'><strong>Genev.</strong></span> <span class='ocrx_word' id='word_1_331' title='bbox 1000 4831 1182 4916; x_wconf 82' lang='lat'><strong>1630.</strong></span> <span class='ocrx_word' id='word_1_332' title='bbox 1211 4827 1275 4891; x_wconf 91' lang='lat' dir='ltr'><strong>in</strong></span> <span class='ocrx_word' id='word_1_333' title='bbox 1305 4827 1441 4891; x_wconf 88' lang='lat' dir='ltr'><strong>loco</strong></span> <span class='ocrx_word' id='word_1_334' title='bbox 1471 4825 1552 4890; x_wconf 90' lang='lat' dir='ltr'><strong>de</strong></span> <span class='ocrx_word' id='word_1_335' title='bbox 1582 4849 1862 4913; x_wconf 85' lang='lat' dir='ltr'><strong>regressu</strong></span> <span class='ocrx_word' id='word_1_336' title='bbox 1894 4825 2118 4890; x_wconf 87' lang='lat' dir='ltr'><strong>animae</strong></span> <span class='ocrx_word' id='word_1_337' title='bbox 2160 4825 2276 4888; x_wconf 86' lang='lat' dir='ltr'><strong>hu-</strong></span> 
     </span>
     <span class='ocr_line' id='line_1_44' title="bbox 589 4927 2280 5019; baseline -0.004 -20"><span class='ocrx_word' id='word_1_338' title='bbox 589 4957 810 5011; x_wconf 84' lang='lat' dir='ltr'><strong>manae,</strong></span> <span class='ocrx_word' id='word_1_339' title='bbox 839 4932 1022 5019; x_wconf 87' lang='lat' dir='ltr'><strong>cujus</strong></span> <span class='ocrx_word' id='word_1_340' title='bbox 1057 4929 1384 4996; x_wconf 85' lang='lat' dir='ltr'><strong>facultates</strong></span> <span class='ocrx_word' id='word_1_341' title='bbox 1426 4952 1720 4994; x_wconf 88' lang='lat' dir='ltr'><strong>sensuum</strong></span> <span class='ocrx_word' id='word_1_342' title='bbox 1765 4928 1985 4992; x_wconf 89' lang='lat' dir='ltr'><strong>resolvi</strong></span> <span class='ocrx_word' id='word_1_343' title='bbox 2023 4927 2175 4992; x_wconf 91' lang='lat' dir='ltr'><strong>dicit</strong></span> <span class='ocrx_word' id='word_1_344' title='bbox 2217 4943 2280 4993; x_wconf 91' lang='lat' dir='ltr'><strong>et</strong></span> 
     </span>
     <span class='ocr_line' id='line_1_45' title="bbox 588 5031 2281 5123; baseline -0.004 -21"><span class='ocrx_word' id='word_1_345' title='bbox 588 5060 716 5102; x_wconf 85' lang='lat' dir='ltr'><strong>suae</strong></span> <span class='ocrx_word' id='word_1_346' title='bbox 744 5056 1061 5123; x_wconf 90' lang='lat' dir='ltr'><strong>quamque</strong></span> <span class='ocrx_word' id='word_1_347' title='bbox 1104 5033 1365 5121; x_wconf 84' lang='lat' dir='ltr'><strong>sphaerae</strong></span> <span class='ocrx_word' id='word_1_348' title='bbox 1393 5032 1672 5097; x_wconf 86' lang='lat' dir='ltr'><strong>restitui:</strong></span> <span class='ocrx_word' id='word_1_349' title='bbox 1723 5033 1817 5096; x_wconf 87' lang='grc' dir='ltr'><strong>καὶ</strong></span> <span class='ocrx_word' id='word_1_350' title='bbox 1846 5035 1879 5096; x_wconf 86' lang='grc' dir='ltr'>ὁ</span> <span class='ocrx_word' id='word_1_351' title='bbox 1910 5031 2092 5111; x_wconf 83' lang='grc' dir='ltr'>θυμὸς</span> <span class='ocrx_word' id='word_1_352' title='bbox 2122 5033 2217 5096; x_wconf 90' lang='grc' dir='ltr'><strong>καὶ</strong></span> <span class='ocrx_word' id='word_1_353' title='bbox 2243 5034 2281 5112; x_wconf 86' lang='grc' dir='ltr'>ἡ</span> 
     </span>
     <span class='ocr_line' id='line_1_46' title="bbox 590 5137 2278 5220; baseline -0.004 -15"><span class='ocrx_word' id='word_1_354' title='bbox 590 5141 863 5219; x_wconf 77' lang='grc' dir='ltr'>ἐπιθυμία</span> <span class='ocrx_word' id='word_1_355' title='bbox 907 5139 989 5205; x_wconf 79' lang='grc' dir='ltr'>εἷς</span> <span class='ocrx_word' id='word_1_356' title='bbox 1031 5137 1139 5216; x_wconf 79' lang='grc' dir='ltr'><strong>τὴν</strong></span> <span class='ocrx_word' id='word_1_357' title='bbox 1168 5138 1398 5220; x_wconf 83' lang='grc' dir='ltr'>ἄλογον</span> <span class='ocrx_word' id='word_1_358' title='bbox 1427 5139 1617 5219; x_wconf 86' lang='grc' dir='ltr'>φύσιν</span> <span class='ocrx_word' id='word_1_359' title='bbox 1655 5141 1856 5220; x_wconf 85' lang='grc' dir='ltr'>χωρεῖ.</span> <span class='ocrx_word' id='word_1_360' title='bbox 1902 5138 2084 5202; x_wconf 78' lang='grc' dir='ltr'>οὕτως</span> <span class='ocrx_word' id='word_1_361' title='bbox 2128 5138 2278 5219; x_wconf 76' lang='grc' dir='ltr'>ὁρμᾷ</span> 
     </span>
     <span class='ocr_line' id='line_1_47' title="bbox 587 5239 2281 5327; baseline -0.004 -19"><span class='ocrx_word' id='word_1_362' title='bbox 587 5242 803 5307; x_wconf 80' lang='grc' dir='ltr'>λοιπὸν</span> <span class='ocrx_word' id='word_1_363' title='bbox 832 5240 984 5327; x_wconf 86' lang='lat' dir='ltr'><strong>(leg.</strong></span> <span class='ocrx_word' id='word_1_364' title='bbox 1018 5239 1086 5303; x_wconf 87' lang='grc' dir='ltr'><strong>τὸ</strong></span> <span class='ocrx_word' id='word_1_365' title='bbox 1116 5239 1360 5325; x_wconf 81' lang='grc' dir='ltr'>λοιπὸν)</span> <span class='ocrx_word' id='word_1_366' title='bbox 1402 5240 1524 5303; x_wconf 80' lang='grc' dir='ltr'><strong>ἄνω</strong></span> <span class='ocrx_word' id='word_1_367' title='bbox 1569 5242 1665 5303; x_wconf 75' lang='grc' dir='ltr'><strong>διὰ</strong></span> <span class='ocrx_word' id='word_1_368' title='bbox 1707 5242 1808 5318; x_wconf 84' lang='grc' dir='ltr'><strong>τῆς</strong></span> <span class='ocrx_word' id='word_1_369' title='bbox 1850 5239 2150 5320; x_wconf 79' lang='grc' dir='ltr'>ἁρμονίας,</span> <span class='ocrx_word' id='word_1_370' title='bbox 2184 5241 2281 5302; x_wconf 82' lang='grc' dir='ltr'><strong>καὶ</strong></span> 
     </span>
     <span class='ocr_line' id='line_1_48' title="bbox 588 5341 2280 5428; baseline -0.004 -17"><span class='ocrx_word' id='word_1_371' title='bbox 588 5351 656 5427; x_wconf 77' lang='grc' dir='ltr'><strong>τῇ</strong></span> <span class='ocrx_word' id='word_1_372' title='bbox 692 5345 892 5428; x_wconf 71' lang='grc' dir='ltr'>πρώτῃ</span> <span class='ocrx_word' id='word_1_373' title='bbox 933 5345 1084 5422; x_wconf 74' lang='grc' dir='ltr'>ζώνῃ</span> <span class='ocrx_word' id='word_1_374' title='bbox 1128 5343 1331 5407; x_wconf 84' lang='grc' dir='ltr'>δίδωσι</span> <span class='ocrx_word' id='word_1_375' title='bbox 1370 5342 1478 5422; x_wconf 78' lang='grc' dir='ltr'><strong>τὴν</strong></span> <span class='ocrx_word' id='word_1_376' title='bbox 1508 5341 1818 5422; x_wconf 73' lang='grc' dir='ltr'>αὐξητικὴν</span> <span class='ocrx_word' id='word_1_377' title='bbox 1848 5341 2155 5423; x_wconf 79' lang='grc' dir='ltr'>ἐνέργειαν</span> <span class='ocrx_word' id='word_1_378' title='bbox 2184 5342 2280 5405; x_wconf 88' lang='grc' dir='ltr'><strong>καὶ</strong></span> 
     </span>
     <span class='ocr_line' id='line_1_49' title="bbox 585 5444 2278 5529; baseline -0.003 -17"><span class='ocrx_word' id='word_1_379' title='bbox 585 5448 690 5527; x_wconf 76' lang='grc' dir='ltr'><strong>τὴν</strong></span> <span class='ocrx_word' id='word_1_380' title='bbox 716 5445 1044 5527; x_wconf 86' lang='grc' dir='ltr'>μειωτικήν.</span> <span class='ocrx_word' id='word_1_381' title='bbox 1093 5445 1188 5509; x_wconf 86' lang='grc' dir='ltr'><strong>καὶ</strong></span> <span class='ocrx_word' id='word_1_382' title='bbox 1231 5449 1302 5525; x_wconf 79' lang='grc' dir='ltr'><strong>τῇ</strong></span> <span class='ocrx_word' id='word_1_383' title='bbox 1348 5444 1589 5529; x_wconf 77' lang='grc' dir='ltr'>δευτέρᾳ</span> <span class='ocrx_word' id='word_1_384' title='bbox 1631 5445 1739 5524; x_wconf 79' lang='grc' dir='ltr'><strong>τὴν</strong></span> <span class='ocrx_word' id='word_1_385' title='bbox 1776 5444 2050 5528; x_wconf 74' lang='grc' dir='ltr'>μηχανὴν</span> <span class='ocrx_word' id='word_1_386' title='bbox 2087 5450 2278 5508; x_wconf 84' lang='grc' dir='ltr'>κακῶν</span> 
     </span>
     <span class='ocr_line' id='line_1_50' title="bbox 587 5547 2275 5630; baseline 0.002 -18"><span class='ocrx_word' id='word_1_387' title='bbox 587 5577 638 5614; x_wconf 89' lang='grc' dir='ltr'><strong>κ.</strong></span> <span class='ocrx_word' id='word_1_388' title='bbox 665 5575 720 5615; x_wconf 92' lang='grc' dir='ltr'><strong>τ.</strong></span> <span class='ocrx_word' id='word_1_389' title='bbox 745 5550 998 5613; x_wconf 80' lang='grc' dir='ltr'>λ.-καὶ</span> <span class='ocrx_word' id='word_1_390' title='bbox 1033 5551 1104 5628; x_wconf 81' lang='grc' dir='ltr'><strong>τῇ</strong></span> <span class='ocrx_word' id='word_1_391' title='bbox 1149 5549 1372 5628; x_wconf 80' lang='grc' dir='ltr'>ἑβδόμῃ</span> <span class='ocrx_word' id='word_1_392' title='bbox 1409 5549 1557 5627; x_wconf 80' lang='grc' dir='ltr'><strong>ζῶνῃ</strong></span> <span class='ocrx_word' id='word_1_393' title='bbox 1587 5547 1655 5611; x_wconf 89' lang='grc' dir='ltr'><strong>τὸ</strong></span> <span class='ocrx_word' id='word_1_394' title='bbox 1689 5550 2000 5630; x_wconf 76' lang='grc' dir='ltr'>ἐνεδρεῧον</span> <span class='ocrx_word' id='word_1_395' title='bbox 2026 5553 2275 5630; x_wconf 78' lang='grc' dir='ltr'>ψεῦδος,</span> 
     </span>
    </p>
   </div>
   <div class='ocr_carea' id='block_1_7' title="bbox 2363 905 4081 5631">
    <p class='ocr_par' dir='ltr' id='par_1_7' title="bbox 2372 905 4081 2231">
     <span class='ocr_line' id='line_1_51' title="bbox 2389 905 4081 1001; baseline 0.004 -25"><span class='ocrx_word' id='word_1_396' title='bbox 2389 939 2567 992; x_wconf 88' lang='grc' dir='ltr'>ναμιν</span> <span class='ocrx_word' id='word_1_397' title='bbox 2607 913 2783 996; x_wconf 82' lang='grc' dir='ltr'>ἔχων,</span> <span class='ocrx_word' id='word_1_398' title='bbox 2833 914 2928 977; x_wconf 89' lang='grc' dir='ltr'><strong>καὶ</strong></span> <span class='ocrx_word' id='word_1_399' title='bbox 2948 905 2951 908; x_wconf 42' lang='grc'><strong>’</strong></span> <span class='ocrx_word' id='word_1_400' title='bbox 2968 917 3144 994; x_wconf 82' lang='grc' dir='ltr'>ὑμνεῖ</span> <span class='ocrx_word' id='word_1_401' title='bbox 3180 914 3295 980; x_wconf 79' lang='grc' dir='ltr'><strong>σὺν</strong></span> <span class='ocrx_word' id='word_1_402' title='bbox 3336 922 3459 983; x_wconf 81' lang='grc' dir='ltr'>τοῖς</span> <span class='ocrx_word' id='word_1_403' title='bbox 3503 917 3640 981; x_wconf 76' lang='grc' dir='ltr'>οὖσι</span> <span class='ocrx_word' id='word_1_404' title='bbox 3685 917 3791 981; x_wconf 85' lang='grc' dir='ltr'><strong>τὸν</strong></span> <span class='ocrx_word' id='word_1_405' title='bbox 3833 917 4081 1001; x_wconf 79' lang='grc' dir='ltr'>πατέρα.</span> 
     </span>
     <span class='ocr_line' id='line_1_52' title="bbox 2386 1015 4076 1112; baseline 0.004 -33"><span class='ocrx_word' id='word_1_406' title='bbox 2386 1015 2520 1080; x_wconf 88' lang='lat' dir='ltr'><strong>Ubi</strong></span> <span class='ocrx_word' id='word_1_407' title='bbox 2551 1015 2646 1079; x_wconf 88' lang='lat' dir='ltr'><strong>vel</strong></span> <span class='ocrx_word' id='word_1_408' title='bbox 2679 1015 3032 1080; x_wconf 86' lang='lat' dir='ltr'><strong>notabimus</strong></span> <span class='ocrx_word' id='word_1_409' title='bbox 3062 1017 3354 1082; x_wconf 88' lang='lat' dir='ltr'><strong>rariorem</strong></span> <span class='ocrx_word' id='word_1_410' title='bbox 3383 1019 3900 1112; x_wconf 56' lang='lat' dir='ltr'><strong>constructionem</strong></span> <span class='ocrx_word' id='word_1_411' title='bbox 3932 1047 4076 1104; x_wconf 86' lang='grc' dir='ltr'>γυμ-</span> 
     </span>
     <span class='ocr_line' id='line_1_53' title="bbox 2386 1119 4081 1210; baseline 0.004 -28"><span class='ocrx_word' id='word_1_412' title='bbox 2386 1120 2592 1186; x_wconf 87' lang='grc' dir='ltr'>νωθεὶς</span> <span class='ocrx_word' id='word_1_413' title='bbox 2650 1119 2766 1183; x_wconf 83' lang='grc' dir='ltr'><strong>ἀπὸ</strong></span> <span class='ocrx_word' id='word_1_414' title='bbox 2825 1126 2943 1183; x_wconf 83' lang='grc' dir='ltr'><strong>τῶν</strong></span> <span class='ocrx_word' id='word_1_415' title='bbox 2995 1119 3426 1202; x_wconf 74' lang='grc' dir='ltr'>ἐνεργημάτων,</span> <span class='ocrx_word' id='word_1_416' title='bbox 3479 1143 3668 1207; x_wconf 89' lang='lat' dir='ltr'><strong>quam</strong></span> <span class='ocrx_word' id='word_1_417' title='bbox 3725 1123 4081 1210; x_wconf 83' lang='lat' dir='ltr'><strong>posterioris</strong></span> 
     </span>
     <span class='ocr_line' id='line_1_54' title="bbox 2381 1220 4070 1310; baseline 0.003 -24"><span class='ocrx_word' id='word_1_418' title='bbox 2381 1220 2584 1286; x_wconf 86' lang='lat' dir='ltr'><strong>aetatis</strong></span> <span class='ocrx_word' id='word_1_419' title='bbox 2615 1220 2942 1308; x_wconf 88' lang='lat' dir='ltr'><strong>scriptores</strong></span> <span class='ocrx_word' id='word_1_420' title='bbox 2972 1222 3372 1310; x_wconf 84' lang='lat' dir='ltr'><strong>frequentant</strong></span> <span class='ocrx_word' id='word_1_421' title='bbox 3405 1223 3704 1304; x_wconf 87' lang='lat' dir='ltr'><strong>(Dorvill.</strong></span> <span class='ocrx_word' id='word_1_422' title='bbox 3735 1225 3813 1289; x_wconf 88' lang='lat' dir='ltr'><strong>ad</strong></span> <span class='ocrx_word' id='word_1_423' title='bbox 3851 1226 4070 1291; x_wconf 91' lang='lat' dir='ltr'><strong>Chari-</strong></span> 
     </span>
     <span class='ocr_line' id='line_1_55' title="bbox 2384 1324 4072 1414; baseline 0.002 -24"><span class='ocrx_word' id='word_1_424' title='bbox 2384 1341 2488 1390; x_wconf 89' lang='lat' dir='ltr'><strong>ton</strong></span> <span class='ocrx_word' id='word_1_425' title='bbox 2522 1349 2587 1412; x_wconf 90' lang='lat' dir='ltr'><strong>p.</strong></span> <span class='ocrx_word' id='word_1_426' title='bbox 2607 1343 2756 1410; x_wconf 82' lang='lat'><strong>534.</strong></span> <span class='ocrx_word' id='word_1_427' title='bbox 2790 1324 2892 1388; x_wconf 92' lang='lat' dir='ltr'><strong>ed.</strong></span> <span class='ocrx_word' id='word_1_428' title='bbox 2920 1324 3084 1412; x_wconf 88' lang='lat' dir='ltr'><strong>Lips.</strong></span> <span class='ocrx_word' id='word_1_429' title='bbox 3121 1326 3383 1412; x_wconf 91' lang='lat' dir='ltr'><strong>Borger.</strong></span> <span class='ocrx_word' id='word_1_430' title='bbox 3406 1326 3486 1390; x_wconf 89' lang='lat' dir='ltr'><strong>ad</strong></span> <span class='ocrx_word' id='word_1_431' title='bbox 3511 1327 3719 1414; x_wconf 91' lang='lat' dir='ltr'><strong>Epist.</strong></span> <span class='ocrx_word' id='word_1_432' title='bbox 3747 1327 3828 1392; x_wconf 88' lang='lat' dir='ltr'><strong>ad</strong></span> <span class='ocrx_word' id='word_1_433' title='bbox 3862 1330 4072 1394; x_wconf 89' lang='lat' dir='ltr'><strong>Galat.</strong></span> 
     </span>
     <span class='ocr_line' id='line_1_56' title="bbox 2386 1427 4075 1516; baseline 0.002 -23"><span class='ocrx_word' id='word_1_434' title='bbox 2386 1430 2441 1493; x_wconf 93' lang='grc' dir='ltr'><strong>Ι.</strong></span> <span class='ocrx_word' id='word_1_435' title='bbox 2480 1449 2533 1493; x_wconf 92' lang='lat'><strong>1.</strong></span> <span class='ocrx_word' id='word_1_436' title='bbox 2578 1452 2643 1516; x_wconf 92' lang='lat' dir='ltr'><strong>p.</strong></span> <span class='ocrx_word' id='word_1_437' title='bbox 2682 1430 2811 1512; x_wconf 87' lang='lat'><strong>78.)</strong></span> <span class='ocrx_word' id='word_1_438' title='bbox 2846 1427 2939 1491; x_wconf 89' lang='lat' dir='ltr'><strong>vel</strong></span> <span class='ocrx_word' id='word_1_439' title='bbox 2989 1427 3442 1493; x_wconf 86' lang='lat' dir='ltr'><strong>substituemus</strong></span> <span class='ocrx_word' id='word_1_440' title='bbox 3486 1430 3624 1506; x_wconf 77' lang='grc' dir='ltr'>ὑπὸ,</span> <span class='ocrx_word' id='word_1_441' title='bbox 3657 1429 3753 1496; x_wconf 90' lang='lat' dir='ltr'><strong>vel</strong></span> <span class='ocrx_word' id='word_1_442' title='bbox 3796 1431 3847 1495; x_wconf 89' lang='lat' dir='ltr'><strong>si</strong></span> <span class='ocrx_word' id='word_1_443' title='bbox 3890 1432 4075 1510; x_wconf 88' lang='lat' dir='ltr'><strong>forte,</strong></span> 
     </span>
     <span class='ocr_line' id='line_1_57' title="bbox 2381 1530 4076 1619; baseline 0.004 -24"><span class='ocrx_word' id='word_1_444' title='bbox 2381 1532 2554 1617; x_wconf 91' lang='lat' dir='ltr'><strong>quod</strong></span> <span class='ocrx_word' id='word_1_445' title='bbox 2595 1547 2800 1596; x_wconf 90' lang='lat' dir='ltr'><strong>tamen</strong></span> <span class='ocrx_word' id='word_1_446' title='bbox 2842 1531 2946 1595; x_wconf 82' lang='lat' dir='ltr'><strong>vix</strong></span> <span class='ocrx_word' id='word_1_447' title='bbox 2986 1530 3330 1619; x_wconf 86' lang='lat' dir='ltr'><strong>probabile,</strong></span> <span class='ocrx_word' id='word_1_448' title='bbox 3361 1531 3705 1618; x_wconf 89' lang='lat' dir='ltr'><strong>scripserit:</strong></span> <span class='ocrx_word' id='word_1_449' title='bbox 3752 1536 4076 1616; x_wconf 82' lang='grc' dir='ltr'>γυμνωθεὶς</span> 
     </span>
     <span class='ocr_line' id='line_1_58' title="bbox 2381 1633 4077 1722; baseline 0.004 -25"><span class='ocrx_word' id='word_1_450' title='bbox 2381 1633 2497 1697; x_wconf 79' lang='grc' dir='ltr'><strong>ἀπὸ</strong></span> <span class='ocrx_word' id='word_1_451' title='bbox 2527 1640 2645 1698; x_wconf 81' lang='grc' dir='ltr'><strong>τῶν</strong></span> <span class='ocrx_word' id='word_1_452' title='bbox 2676 1633 3088 1716; x_wconf 74' lang='grc' dir='ltr'>ἐνεργημάτων</span> <span class='ocrx_word' id='word_1_453' title='bbox 3116 1658 3233 1722; x_wconf 93' lang='lat' dir='ltr'><strong>pro</strong></span> <span class='ocrx_word' id='word_1_454' title='bbox 3259 1637 3583 1717; x_wconf 81' lang='grc' dir='ltr'>γυμνωθεὶς</span> <span class='ocrx_word' id='word_1_455' title='bbox 3620 1642 3739 1701; x_wconf 81' lang='grc' dir='ltr'><strong>τῶν</strong></span> <span class='ocrx_word' id='word_1_456' title='bbox 3768 1638 3966 1722; x_wconf 80' lang='grc' dir='ltr'>ἑνεργ.</span> <span class='ocrx_word' id='word_1_457' title='bbox 4011 1653 4077 1704; x_wconf 85' lang='lat' dir='ltr'><strong>et</strong></span> 
     </span>
     <span class='ocr_line' id='line_1_59' title="bbox 2378 1737 4071 1826; baseline 0.003 -25"><span class='ocrx_word' id='word_1_458' title='bbox 2378 1760 2501 1802; x_wconf 93' lang='lat' dir='ltr'><strong>non</strong></span> <span class='ocrx_word' id='word_1_459' title='bbox 2534 1754 2658 1803; x_wconf 91' lang='lat' dir='ltr'><strong>tam</strong></span> <span class='ocrx_word' id='word_1_460' title='bbox 2691 1737 3101 1804; x_wconf 86' lang='lat' dir='ltr'><strong>liberatricem</strong></span> <span class='ocrx_word' id='word_1_461' title='bbox 3143 1739 3528 1826; x_wconf 69' lang='lat' dir='ltr'><strong>sphaerarum</strong></span> <span class='ocrx_word' id='word_1_462' title='bbox 3561 1740 3943 1805; x_wconf 86' lang='lat' dir='ltr'><strong>harmoniam</strong></span> <span class='ocrx_word' id='word_1_463' title='bbox 3975 1742 4071 1806; x_wconf 87' lang='lat' dir='ltr'><strong>in-</strong></span> 
     </span>
     <span class='ocr_line' id='line_1_60' title="bbox 2377 1839 4073 1927; baseline 0.002 -23"><span class='ocrx_word' id='word_1_464' title='bbox 2377 1839 2569 1927; x_wconf 87' lang='lat' dir='ltr'><strong>telligi</strong></span> <span class='ocrx_word' id='word_1_465' title='bbox 2595 1839 2880 1918; x_wconf 90' lang='lat' dir='ltr'><strong>voluerit,</strong></span> <span class='ocrx_word' id='word_1_466' title='bbox 2899 1863 3086 1927; x_wconf 91' lang='lat' dir='ltr'><strong>quam</strong></span> <span class='ocrx_word' id='word_1_467' title='bbox 3117 1840 3308 1904; x_wconf 91' lang='lat' dir='ltr'><strong>animi</strong></span> <span class='ocrx_word' id='word_1_468' title='bbox 3337 1840 3594 1905; x_wconf 87' lang='lat' dir='ltr'><strong>humani</strong></span> <span class='ocrx_word' id='word_1_469' title='bbox 3622 1841 3903 1906; x_wconf 85' lang='lat' dir='ltr'><strong>sensilem</strong></span> <span class='ocrx_word' id='word_1_470' title='bbox 3934 1843 4073 1908; x_wconf 90' lang='lat' dir='ltr'><strong>har-</strong></span> 
     </span>
     <span class='ocr_line' id='line_1_61' title="bbox 2377 1943 4073 2031; baseline 0.003 -25"><span class='ocrx_word' id='word_1_471' title='bbox 2377 1943 2669 2021; x_wconf 86' lang='lat' dir='ltr'><strong>moniam,</strong></span> <span class='ocrx_word' id='word_1_472' title='bbox 2700 1967 2827 2031; x_wconf 91' lang='lat' dir='ltr'><strong>qua</strong></span> <span class='ocrx_word' id='word_1_473' title='bbox 2858 1967 3028 2008; x_wconf 90' lang='lat' dir='ltr'><strong>mens</strong></span> <span class='ocrx_word' id='word_1_474' title='bbox 3056 1943 3314 2008; x_wconf 87' lang='lat' dir='ltr'><strong>liberata</strong></span> <span class='ocrx_word' id='word_1_475' title='bbox 3350 1943 3452 2022; x_wconf 92' lang='lat' dir='ltr'><strong>sit,</strong></span> <span class='ocrx_word' id='word_1_476' title='bbox 3481 1943 3543 2007; x_wconf 91' lang='lat' dir='ltr'><strong>in</strong></span> <span class='ocrx_word' id='word_1_477' title='bbox 3575 1944 4073 2031; x_wconf 65' lang='lat' dir='ltr'><strong>praa-cedentibus</strong></span> 
     </span>
     <span class='ocr_line' id='line_1_62' title="bbox 2374 2046 4071 2135; baseline 0.004 -26"><span class='ocrx_word' id='word_1_478' title='bbox 2374 2068 2490 2132; x_wconf 92' lang='lat' dir='ltr'><strong>pro</strong></span> <span class='ocrx_word' id='word_1_479' title='bbox 2536 2050 2632 2111; x_wconf 78' lang='grc' dir='ltr'><strong>διὰ</strong></span> <span class='ocrx_word' id='word_1_480' title='bbox 2678 2051 2777 2126; x_wconf 86' lang='grc' dir='ltr'><strong>τῆς</strong></span> <span class='ocrx_word' id='word_1_481' title='bbox 2823 2049 3124 2129; x_wconf 79' lang='grc' dir='ltr'>ἁρμονίας,</span> <span class='ocrx_word' id='word_1_482' title='bbox 3163 2046 3501 2112; x_wconf 88' lang='lat' dir='ltr'><strong>necessario</strong></span> <span class='ocrx_word' id='word_1_483' title='bbox 3547 2047 3886 2113; x_wconf 87' lang='lat' dir='ltr'><strong>scribemus</strong></span> <span class='ocrx_word' id='word_1_484' title='bbox 3932 2053 4071 2135; x_wconf 83' lang='grc' dir='ltr'>δίχα</span> 
     </span>
     <span class='ocr_line' id='line_1_63' title="bbox 2372 2151 2803 2231; baseline -0.009 -15"><span class='ocrx_word' id='word_1_485' title='bbox 2372 2153 2474 2228; x_wconf 78' lang='grc' dir='ltr'><strong>τῆς</strong></span> <span class='ocrx_word' id='word_1_486' title='bbox 2503 2151 2803 2231; x_wconf 80' lang='grc' dir='ltr'>ἁρμονίας.</span> 
     </span>
    </p>

    <p class='ocr_par' dir='ltr' id='par_1_8' title="bbox 2363 2249 4068 5430">
     <span class='ocr_line' id='line_1_64' title="bbox 2458 2249 4064 2336; baseline 0.005 -23"><span class='ocrx_word' id='word_1_487' title='bbox 2458 2289 2547 2300; x_wconf 90' lang='grc'><strong>-</strong></span> <span class='ocrx_word' id='word_1_488' title='bbox 2569 2272 2630 2335; x_wconf 88' lang='grc'><strong>9.</strong></span> <span class='ocrx_word' id='word_1_489' title='bbox 2676 2254 2752 2315; x_wconf 77' lang='grc' dir='ltr'><strong>Εἰ</strong></span> <span class='ocrx_word' id='word_1_490' title='bbox 2792 2249 2995 2332; x_wconf 77' lang='grc' dir='ltr'>μέντοι</span> <span class='ocrx_word' id='word_1_491' title='bbox 3028 2251 3243 2334; x_wconf 75' lang='grc' dir='ltr'>ἀρετὴν</span> <span class='ocrx_word' id='word_1_492' title='bbox 3270 2249 3520 2334; x_wconf 79' lang='grc' dir='ltr'>τέτταρα</span> <span class='ocrx_word' id='word_1_493' title='bbox 3548 2252 3772 2336; x_wconf 81' lang='grc' dir='ltr'>λέγοις,</span> <span class='ocrx_word' id='word_1_494' title='bbox 3814 2256 3939 2336; x_wconf 89' lang='grc' dir='ltr'>(καὶ</span> <span class='ocrx_word' id='word_1_495' title='bbox 3967 2281 4064 2321; x_wconf 87' lang='grc' dir='ltr'><strong>τε-</strong></span> 
     </span>
     <span class='ocr_line' id='line_1_65' title="bbox 2372 2353 4055 2444; baseline 0.003 -27"><span class='ocrx_word' id='word_1_496' title='bbox 2372 2353 2514 2437; x_wconf 83' lang='grc' dir='ltr'>τράς</span> <span class='ocrx_word' id='word_1_497' title='bbox 2558 2354 2693 2418; x_wconf 76' lang='grc' dir='ltr'>ἐστί</span> <span class='ocrx_word' id='word_1_498' title='bbox 2731 2380 2818 2422; x_wconf 90' lang='grc' dir='ltr'><strong>τις</strong></span> <span class='ocrx_word' id='word_1_499' title='bbox 2861 2355 2989 2419; x_wconf 79' lang='grc' dir='ltr'>οἷον</span> <span class='ocrx_word' id='word_1_500' title='bbox 3032 2357 3108 2419; x_wconf 73' lang='grc' dir='ltr'><strong>τὰ</strong></span> <span class='ocrx_word' id='word_1_501' title='bbox 3146 2353 3293 2436; x_wconf 79' lang='grc' dir='ltr'>μέρη</span> <span class='ocrx_word' id='word_1_502' title='bbox 3338 2355 3513 2433; x_wconf 77' lang='grc' dir='ltr'>αὐτῆς</span> <span class='ocrx_word' id='word_1_503' title='bbox 3552 2358 3636 2423; x_wconf 77' lang='grc' dir='ltr'>εἰς</span> <span class='ocrx_word' id='word_1_504' title='bbox 3665 2357 3758 2435; x_wconf 75' lang='grc' dir='ltr'><strong>ἓν)</strong></span> <span class='ocrx_word' id='word_1_505' title='bbox 3796 2384 3847 2422; x_wconf 90' lang='grc' dir='ltr'><strong>κ.</strong></span> <span class='ocrx_word' id='word_1_506' title='bbox 3874 2382 3930 2421; x_wconf 91' lang='grc' dir='ltr'><strong>τ.</strong></span> <span class='ocrx_word' id='word_1_507' title='bbox 3958 2361 4055 2444; x_wconf 82' lang='grc' dir='ltr'><strong>λ.]</strong></span> 
     </span>
     <span class='ocr_line' id='line_1_66' title="bbox 2375 2457 4064 2544; baseline 0.004 -23"><span class='ocrx_word' id='word_1_508' title='bbox 2375 2458 2537 2522; x_wconf 84' lang='lat' dir='ltr'><strong>Haec</strong></span> <span class='ocrx_word' id='word_1_509' title='bbox 2592 2480 2847 2544; x_wconf 90' lang='lat' dir='ltr'><strong>quoque</strong></span> <span class='ocrx_word' id='word_1_510' title='bbox 2904 2481 2981 2521; x_wconf 87' lang='lat' dir='ltr'><strong>ex</strong></span> <span class='ocrx_word' id='word_1_511' title='bbox 3045 2457 3477 2544; x_wconf 84' lang='lat' dir='ltr'><strong>Pythagoricis</strong></span> <span class='ocrx_word' id='word_1_512' title='bbox 3533 2458 3815 2524; x_wconf 83' lang='lat' dir='ltr'><strong>fontibus</strong></span> <span class='ocrx_word' id='word_1_513' title='bbox 3871 2461 4064 2527; x_wconf 89' lang='lat' dir='ltr'><strong>ducta</strong></span> 
     </span>
     <span class='ocr_line' id='line_1_67' title="bbox 2373 2559 4061 2651; baseline 0.002 -28"><span class='ocrx_word' id='word_1_514' title='bbox 2373 2577 2543 2626; x_wconf 90' lang='lat' dir='ltr'><strong>sunt.</strong></span> <span class='ocrx_word' id='word_1_515' title='bbox 2603 2559 2782 2637; x_wconf 89' lang='lat' dir='ltr'><strong>Vide,</strong></span> <span class='ocrx_word' id='word_1_516' title='bbox 2817 2573 2887 2624; x_wconf 89' lang='lat' dir='ltr'><strong>ut</strong></span> <span class='ocrx_word' id='word_1_517' title='bbox 2917 2559 3035 2624; x_wconf 88' lang='lat' dir='ltr'><strong>hoc</strong></span> <span class='ocrx_word' id='word_1_518' title='bbox 3064 2573 3226 2638; x_wconf 91' lang='lat' dir='ltr'><strong>utar,</strong></span> <span class='ocrx_word' id='word_1_519' title='bbox 3258 2559 3574 2625; x_wconf 84' lang='lat' dir='ltr'><strong>Timaeum</strong></span> <span class='ocrx_word' id='word_1_520' title='bbox 3606 2563 3794 2628; x_wconf 91' lang='lat' dir='ltr'><strong>Locr.</strong></span> <span class='ocrx_word' id='word_1_521' title='bbox 3827 2586 3888 2651; x_wconf 91' lang='lat' dir='ltr'><strong>p.</strong></span> <span class='ocrx_word' id='word_1_522' title='bbox 3912 2585 4061 2650; x_wconf 83' lang='lat'><strong>557.</strong></span> 
     </span>
     <span class='ocr_line' id='line_1_68' title="bbox 2371 2662 4063 2750; baseline 0.003 -24"><span class='ocrx_word' id='word_1_523' title='bbox 2371 2663 2418 2728; x_wconf 85' lang='lat' dir='ltr'><strong>f.</strong></span> <span class='ocrx_word' id='word_1_524' title='bbox 2495 2662 2784 2729; x_wconf 83' lang='lat' dir='ltr'><strong>Proxime</strong></span> <span class='ocrx_word' id='word_1_525' title='bbox 2813 2679 3016 2728; x_wconf 90' lang='lat' dir='ltr'><strong>tamen</strong></span> <span class='ocrx_word' id='word_1_526' title='bbox 3048 2662 3296 2750; x_wconf 88' lang='lat' dir='ltr'><strong>respicit</strong></span> <span class='ocrx_word' id='word_1_527' title='bbox 3328 2663 3601 2729; x_wconf 88' lang='lat' dir='ltr'><strong>Platonis</strong></span> <span class='ocrx_word' id='word_1_528' title='bbox 3627 2663 3830 2729; x_wconf 90' lang='lat' dir='ltr'><strong>locum</strong></span> <span class='ocrx_word' id='word_1_529' title='bbox 3863 2666 4063 2732; x_wconf 89' lang='lat' dir='ltr'><strong>Ploti-</strong></span> 
     </span>
     <span class='ocr_line' id='line_1_69' title="bbox 2372 2765 4060 2857; baseline 0.002 -27"><span class='ocrx_word' id='word_1_530' title='bbox 2372 2789 2490 2831; x_wconf 91' lang='lat' dir='ltr'><strong>nus</strong></span> <span class='ocrx_word' id='word_1_531' title='bbox 2531 2767 2596 2830; x_wconf 92' lang='lat' dir='ltr'><strong>in</strong></span> <span class='ocrx_word' id='word_1_532' title='bbox 2642 2766 2785 2831; x_wconf 91' lang='lat' dir='ltr'><strong>libr.</strong></span> <span class='ocrx_word' id='word_1_533' title='bbox 2821 2767 2963 2832; x_wconf 90' lang='lat'><strong>111.</strong></span> <span class='ocrx_word' id='word_1_534' title='bbox 3009 2765 3090 2831; x_wconf 91' lang='lat' dir='ltr'><strong>de</strong></span> <span class='ocrx_word' id='word_1_535' title='bbox 3124 2768 3290 2853; x_wconf 90' lang='lat' dir='ltr'><strong>Rep.</strong></span> <span class='ocrx_word' id='word_1_536' title='bbox 3336 2790 3403 2854; x_wconf 93' lang='lat' dir='ltr'><strong>p.</strong></span> <span class='ocrx_word' id='word_1_537' title='bbox 3435 2768 3582 2852; x_wconf 87' lang='lat'><strong>398.</strong></span> <span class='ocrx_word' id='word_1_538' title='bbox 3631 2791 3768 2855; x_wconf 90' lang='lat' dir='ltr'><strong>sqq.</strong></span> <span class='ocrx_word' id='word_1_539' title='bbox 3816 2792 3881 2855; x_wconf 87' lang='lat' dir='ltr'><strong>p.</strong></span> <span class='ocrx_word' id='word_1_540' title='bbox 3919 2789 4060 2857; x_wconf 83' lang='lat'><strong>130.</strong></span> 
     </span>
     <span class='ocr_line' id='line_1_70' title="bbox 2370 2868 4059 2961; baseline 0.002 -26"><span class='ocrx_word' id='word_1_541' title='bbox 2370 2893 2507 2957; x_wconf 91' lang='lat' dir='ltr'><strong>sqq.</strong></span> <span class='ocrx_word' id='word_1_542' title='bbox 2563 2869 2765 2935; x_wconf 89' lang='lat' dir='ltr'><strong>Bekk.</strong></span> <span class='ocrx_word' id='word_1_543' title='bbox 2817 2892 3004 2956; x_wconf 91' lang='lat' dir='ltr'><strong>quem</strong></span> <span class='ocrx_word' id='word_1_544' title='bbox 3053 2868 3302 2956; x_wconf 88' lang='lat' dir='ltr'><strong>respicit</strong></span> <span class='ocrx_word' id='word_1_545' title='bbox 3348 2870 3534 2935; x_wconf 90' lang='lat' dir='ltr'><strong>etiam</strong></span> <span class='ocrx_word' id='word_1_546' title='bbox 3586 2872 3760 2936; x_wconf 88' lang='lat' dir='ltr'><strong>Sext.</strong></span> <span class='ocrx_word' id='word_1_547' title='bbox 3812 2873 4059 2961; x_wconf 91' lang='lat' dir='ltr'><strong>Empir.</strong></span> 
     </span>
     <span class='ocr_line' id='line_1_71' title="bbox 2368 2972 4068 3060; baseline 0.003 -23"><span class='ocrx_word' id='word_1_548' title='bbox 2368 2972 2513 3037; x_wconf 91' lang='lat' dir='ltr'><strong>adv.</strong></span> <span class='ocrx_word' id='word_1_549' title='bbox 2562 2972 2775 3037; x_wconf 90' lang='lat' dir='ltr'><strong>Math.</strong></span> <span class='ocrx_word' id='word_1_550' title='bbox 2804 2972 2924 3039; x_wconf 91' lang='lat' dir='ltr'><strong>VI.</strong></span> <span class='ocrx_word' id='word_1_551' title='bbox 2978 2993 3074 3058; x_wconf 85' lang='lat'><strong>13.</strong></span> <span class='ocrx_word' id='word_1_552' title='bbox 3122 2995 3188 3060; x_wconf 93' lang='lat' dir='ltr'><strong>p.</strong></span> <span class='ocrx_word' id='word_1_553' title='bbox 3231 2992 3385 3059; x_wconf 85' lang='lat'><strong>359.</strong></span> <span class='ocrx_word' id='word_1_554' title='bbox 3475 2973 3723 3039; x_wconf 88' lang='lat' dir='ltr'><strong>Fabric.</strong></span> <span class='ocrx_word' id='word_1_555' title='bbox 3770 2989 3834 3039; x_wconf 90' lang='lat' dir='ltr'><strong>et</strong></span> <span class='ocrx_word' id='word_1_556' title='bbox 3878 2976 4068 3043; x_wconf 87' lang='lat' dir='ltr'><strong>Theo</strong></span> 
     </span>
     <span class='ocr_line' id='line_1_72' title="bbox 2372 3075 4058 3165; baseline 0.004 -25"><span class='ocrx_word' id='word_1_557' title='bbox 2372 3076 2625 3162; x_wconf 87' lang='lat' dir='ltr'><strong>Smyrn.</strong></span> <span class='ocrx_word' id='word_1_558' title='bbox 2658 3075 2738 3139; x_wconf 91' lang='lat' dir='ltr'><strong>de</strong></span> <span class='ocrx_word' id='word_1_559' title='bbox 2768 3075 2975 3141; x_wconf 90' lang='lat' dir='ltr'><strong>Math.</strong></span> <span class='ocrx_word' id='word_1_560' title='bbox 3010 3075 3255 3141; x_wconf 89' lang='lat' dir='ltr'><strong>Platon.</strong></span> <span class='ocrx_word' id='word_1_561' title='bbox 3287 3098 3349 3163; x_wconf 91' lang='lat' dir='ltr'><strong>p.</strong></span> <span class='ocrx_word' id='word_1_562' title='bbox 3377 3096 3476 3143; x_wconf 84' lang='lat'><strong>12.</strong></span> <span class='ocrx_word' id='word_1_563' title='bbox 3504 3099 3595 3163; x_wconf 91' lang='lat' dir='ltr'><strong>sq.</strong></span> <span class='ocrx_word' id='word_1_564' title='bbox 3626 3077 4058 3165; x_wconf 78' lang='lat' dir='ltr'><strong>cf.W5ttenb.</strong></span> 
     </span>
     <span class='ocr_line' id='line_1_73' title="bbox 2368 3177 4065 3267; baseline 0.004 -25"><span class='ocrx_word' id='word_1_565' title='bbox 2368 3178 2446 3242; x_wconf 92' lang='lat' dir='ltr'><strong>ad</strong></span> <span class='ocrx_word' id='word_1_566' title='bbox 2485 3177 2730 3243; x_wconf 89' lang='lat' dir='ltr'><strong>Platon.</strong></span> <span class='ocrx_word' id='word_1_567' title='bbox 2758 3177 3069 3243; x_wconf 74' lang='lat' dir='ltr'><strong>Phaedon.</strong></span> <span class='ocrx_word' id='word_1_568' title='bbox 3094 3201 3161 3267; x_wconf 92' lang='lat' dir='ltr'><strong>p.</strong></span> <span class='ocrx_word' id='word_1_569' title='bbox 3191 3200 3213 3242; x_wconf 82' lang='lat'>1</span> <span class='ocrx_word' id='word_1_570' title='bbox 3233 3197 3333 3259; x_wconf 80' lang='lat'><strong>27.</strong></span> <span class='ocrx_word' id='word_1_571' title='bbox 3364 3192 3428 3243; x_wconf 91' lang='lat' dir='ltr'><strong>et</strong></span> <span class='ocrx_word' id='word_1_572' title='bbox 3452 3202 3511 3267; x_wconf 93' lang='lat' dir='ltr'><strong>p.</strong></span> <span class='ocrx_word' id='word_1_573' title='bbox 3542 3181 3683 3261; x_wconf 86' lang='lat'><strong>248.</strong></span> <span class='ocrx_word' id='word_1_574' title='bbox 3714 3180 3878 3245; x_wconf 90' lang='lat' dir='ltr'><strong>adde</strong></span> <span class='ocrx_word' id='word_1_575' title='bbox 3908 3184 4065 3249; x_wconf 92' lang='lat' dir='ltr'><strong>Pro-</strong></span> 
     </span>
     <span class='ocr_line' id='line_1_74' title="bbox 2367 3280 4059 3370; baseline 0.004 -23"><span class='ocrx_word' id='word_1_576' title='bbox 2367 3281 2534 3347; x_wconf 84' lang='lat' dir='ltr'><strong>clnm</strong></span> <span class='ocrx_word' id='word_1_577' title='bbox 2564 3281 2628 3346; x_wconf 90' lang='lat' dir='ltr'><strong>in</strong></span> <span class='ocrx_word' id='word_1_578' title='bbox 2662 3280 2870 3346; x_wconf 86' lang='lat' dir='ltr'><strong>Alcib.</strong></span> <span class='ocrx_word' id='word_1_579' title='bbox 2901 3303 2999 3370; x_wconf 93' lang='lat' dir='ltr'><strong>pr.</strong></span> <span class='ocrx_word' id='word_1_580' title='bbox 3045 3305 3111 3370; x_wconf 92' lang='lat' dir='ltr'><strong>p.</strong></span> <span class='ocrx_word' id='word_1_581' title='bbox 3149 3299 3289 3367; x_wconf 90' lang='lat'><strong>197.</strong></span> <span class='ocrx_word' id='word_1_582' title='bbox 3330 3305 3464 3370; x_wconf 94' lang='lat' dir='ltr'><strong>sqq.</strong></span> <span class='ocrx_word' id='word_1_583' title='bbox 3511 3297 3705 3348; x_wconf 88' lang='lat' dir='ltr'><strong>nostr.</strong></span> <span class='ocrx_word' id='word_1_584' title='bbox 3753 3284 3853 3350; x_wconf 91' lang='lat' dir='ltr'><strong>ed.</strong></span> <span class='ocrx_word' id='word_1_585' title='bbox 3888 3288 4059 3353; x_wconf 87' lang='lat' dir='ltr'><strong>Iam-</strong></span> 
     </span>
     <span class='ocr_line' id='line_1_75' title="bbox 2367 3383 4065 3471; baseline 0.004 -22"><span class='ocrx_word' id='word_1_586' title='bbox 2367 3384 2613 3450; x_wconf 88' lang='lat' dir='ltr'><strong>blichus</strong></span> <span class='ocrx_word' id='word_1_587' title='bbox 2641 3385 2703 3448; x_wconf 93' lang='lat' dir='ltr'><strong>in</strong></span> <span class='ocrx_word' id='word_1_588' title='bbox 2741 3384 2988 3449; x_wconf 91' lang='lat' dir='ltr'><strong>Nicom.</strong></span> <span class='ocrx_word' id='word_1_589' title='bbox 3020 3383 3293 3449; x_wconf 89' lang='lat' dir='ltr'><strong>Arithm.</strong></span> <span class='ocrx_word' id='word_1_590' title='bbox 3332 3407 3394 3471; x_wconf 92' lang='lat' dir='ltr'><strong>p.</strong></span> <span class='ocrx_word' id='word_1_591' title='bbox 3425 3386 3547 3469; x_wconf 89' lang='lat'><strong>56:</strong></span> <span class='ocrx_word' id='word_1_592' title='bbox 3597 3387 3674 3454; x_wconf 79' lang='grc' dir='ltr'>ὡς</span> <span class='ocrx_word' id='word_1_593' title='bbox 3716 3387 3783 3450; x_wconf 86' lang='grc' dir='ltr'><strong>τὸ</strong></span> <span class='ocrx_word' id='word_1_594' title='bbox 3825 3388 4065 3456; x_wconf 83' lang='grc' dir='ltr'>τέλειον</span> 
     </span>
     <span class='ocr_line' id='line_1_76' title="bbox 2367 3488 4054 3570; baseline -0.002 -18"><span class='ocrx_word' id='word_1_595' title='bbox 2367 3490 2464 3553; x_wconf 87' lang='grc' dir='ltr'><strong>καὶ</strong></span> <span class='ocrx_word' id='word_1_596' title='bbox 2505 3488 2573 3551; x_wconf 85' lang='grc' dir='ltr'><strong>τὸ</strong></span> <span class='ocrx_word' id='word_1_597' title='bbox 2615 3488 2774 3566; x_wconf 81' lang='grc' dir='ltr'>ἴσον,</span> <span class='ocrx_word' id='word_1_598' title='bbox 2809 3491 2956 3552; x_wconf 75' lang='grc' dir='ltr'>κατὰ</span> <span class='ocrx_word' id='word_1_599' title='bbox 2983 3488 3092 3567; x_wconf 80' lang='grc' dir='ltr'><strong>τὴν</strong></span> <span class='ocrx_word' id='word_1_600' title='bbox 3118 3492 3236 3550; x_wconf 77' lang='grc' dir='ltr'><strong>τῶν</strong></span> <span class='ocrx_word' id='word_1_601' title='bbox 3265 3489 3487 3569; x_wconf 79' lang='grc' dir='ltr'>ἀρετῶν</span> <span class='ocrx_word' id='word_1_602' title='bbox 3515 3489 3718 3570; x_wconf 83' lang='grc' dir='ltr'>φύσιν.</span> <span class='ocrx_word' id='word_1_603' title='bbox 3811 3492 4054 3558; x_wconf 87' lang='lat' dir='ltr'><strong>Obver-</strong></span> 
     </span>
     <span class='ocr_line' id='line_1_77' title="bbox 2367 3588 4055 3682; baseline 0.004 -26"><span class='ocrx_word' id='word_1_604' title='bbox 2367 3605 2541 3656; x_wconf 88' lang='lat' dir='ltr'><strong>satur</strong></span> <span class='ocrx_word' id='word_1_605' title='bbox 2591 3605 2801 3655; x_wconf 90' lang='lat' dir='ltr'><strong>autem</strong></span> <span class='ocrx_word' id='word_1_606' title='bbox 2852 3590 2916 3655; x_wconf 94' lang='lat' dir='ltr'><strong>h.</strong></span> <span class='ocrx_word' id='word_1_607' title='bbox 2949 3589 2989 3652; x_wconf 93' lang='lat' dir='ltr'><strong>l.</strong></span> <span class='ocrx_word' id='word_1_608' title='bbox 3048 3588 3297 3654; x_wconf 92' lang='lat' dir='ltr'><strong>Plotino</strong></span> <span class='ocrx_word' id='word_1_609' title='bbox 3345 3589 3651 3655; x_wconf 89' lang='lat' dir='ltr'><strong>virtutum</strong></span> <span class='ocrx_word' id='word_1_610' title='bbox 3702 3592 4055 3682; x_wconf 90' lang='lat' dir='ltr'><strong>principum</strong></span> 
     </span>
     <span class='ocr_line' id='line_1_78' title="bbox 2366 3691 4058 3786; baseline 0.004 -28"><span class='ocrx_word' id='word_1_611' title='bbox 2366 3694 2800 3782; x_wconf 87' lang='lat' dir='ltr'><strong>quaternarius</strong></span> <span class='ocrx_word' id='word_1_612' title='bbox 2842 3714 3161 3772; x_wconf 88' lang='lat' dir='ltr'><strong>numerus,</strong></span> <span class='ocrx_word' id='word_1_613' title='bbox 3193 3691 3274 3756; x_wconf 88' lang='lat' dir='ltr'><strong>de</strong></span> <span class='ocrx_word' id='word_1_614' title='bbox 3302 3716 3430 3780; x_wconf 93' lang='lat' dir='ltr'><strong>quo</strong></span> <span class='ocrx_word' id='word_1_615' title='bbox 3460 3694 3740 3760; x_wconf 87' lang='lat' dir='ltr'><strong>Platonis</strong></span> <span class='ocrx_word' id='word_1_616' title='bbox 3780 3696 4058 3786; x_wconf 89' lang='lat' dir='ltr'><strong>itemque</strong></span> 
     </span>
     <span class='ocr_line' id='line_1_79' title="bbox 2367 3793 4055 3883; baseline 0.004 -24"><span class='ocrx_word' id='word_1_617' title='bbox 2367 3795 2601 3860; x_wconf 90' lang='lat' dir='ltr'><strong>Plotini</strong></span> <span class='ocrx_word' id='word_1_618' title='bbox 2645 3795 2841 3860; x_wconf 88' lang='lat' dir='ltr'><strong>nostri</strong></span> <span class='ocrx_word' id='word_1_619' title='bbox 2888 3793 3231 3859; x_wconf 88' lang='lat' dir='ltr'><strong>doctrinam</strong></span> <span class='ocrx_word' id='word_1_620' title='bbox 3279 3794 3548 3883; x_wconf 88' lang='lat' dir='ltr'><strong>explicat</strong></span> <span class='ocrx_word' id='word_1_621' title='bbox 3586 3797 3953 3865; x_wconf 81' lang='lat' dir='ltr'><strong>Macrobius</strong></span> <span class='ocrx_word' id='word_1_622' title='bbox 3990 3801 4055 3866; x_wconf 88' lang='lat' dir='ltr'><strong>in</strong></span> 
     </span>
     <span class='ocr_line' id='line_1_80' title="bbox 2369 3897 4053 3986; baseline 0.003 -23"><span class='ocrx_word' id='word_1_623' title='bbox 2369 3901 2583 3963; x_wconf 89' lang='lat' dir='ltr'><strong>Somn.</strong></span> <span class='ocrx_word' id='word_1_624' title='bbox 2616 3897 2782 3986; x_wconf 90' lang='lat' dir='ltr'><strong>Scip.</strong></span> <span class='ocrx_word' id='word_1_625' title='bbox 2822 3899 2880 3961; x_wconf 90' lang='grc' dir='ltr'><strong>Ι.</strong></span> <span class='ocrx_word' id='word_1_626' title='bbox 2915 3899 2973 3961; x_wconf 91' lang='lat'><strong>8.</strong></span> <span class='ocrx_word' id='word_1_627' title='bbox 3065 3897 3421 3984; x_wconf 87' lang='lat' dir='ltr'><strong>Conjuncta</strong></span> <span class='ocrx_word' id='word_1_628' title='bbox 3455 3916 3548 3963; x_wconf 88' lang='lat' dir='ltr'><strong>est</strong></span> <span class='ocrx_word' id='word_1_629' title='bbox 3590 3899 3725 3965; x_wconf 79' lang='lat' dir='ltr'><strong>haec</strong></span> <span class='ocrx_word' id='word_1_630' title='bbox 3767 3924 3909 3966; x_wconf 87' lang='lat' dir='ltr'><strong>cum</strong></span> <span class='ocrx_word' id='word_1_631' title='bbox 3954 3927 4053 3969; x_wconf 86' lang='lat' dir='ltr'><strong>ra-</strong></span> 
     </span>
     <span class='ocr_line' id='line_1_81' title="bbox 2367 3999 4057 4094; baseline 0.004 -28"><span class='ocrx_word' id='word_1_632' title='bbox 2367 4001 2533 4066; x_wconf 89' lang='lat' dir='ltr'><strong>tione</strong></span> <span class='ocrx_word' id='word_1_633' title='bbox 2562 4006 2663 4081; x_wconf 84' lang='grc' dir='ltr'><strong>τῆς</strong></span> <span class='ocrx_word' id='word_1_634' title='bbox 2689 4000 2982 4083; x_wconf 80' lang='grc' dir='ltr'>τετράδος,</span> <span class='ocrx_word' id='word_1_635' title='bbox 3013 3999 3093 4065; x_wconf 92' lang='lat' dir='ltr'><strong>de</strong></span> <span class='ocrx_word' id='word_1_636' title='bbox 3122 4023 3251 4087; x_wconf 91' lang='lat' dir='ltr'><strong>qua</strong></span> <span class='ocrx_word' id='word_1_637' title='bbox 3280 4001 3466 4065; x_wconf 88' lang='lat' dir='ltr'><strong>Theo</strong></span> <span class='ocrx_word' id='word_1_638' title='bbox 3509 4025 3643 4091; x_wconf 90' lang='lat' dir='ltr'><strong>cap.</strong></span> <span class='ocrx_word' id='word_1_639' title='bbox 3668 4024 3775 4090; x_wconf 85' lang='lat'><strong>43.</strong></span> <span class='ocrx_word' id='word_1_640' title='bbox 3809 4029 3875 4093; x_wconf 92' lang='lat' dir='ltr'><strong>p.</strong></span> <span class='ocrx_word' id='word_1_641' title='bbox 3910 4008 4057 4094; x_wconf 85' lang='lat'><strong>158,</strong></span> 
     </span>
     <span class='ocr_line' id='line_1_82' title="bbox 2365 4103 4055 4198; baseline 0.004 -29"><span class='ocrx_word' id='word_1_642' title='bbox 2365 4103 2445 4169; x_wconf 88' lang='lat' dir='ltr'><strong>ad</strong></span> <span class='ocrx_word' id='word_1_643' title='bbox 2476 4128 2662 4191; x_wconf 90' lang='lat' dir='ltr'><strong>quem</strong></span> <span class='ocrx_word' id='word_1_644' title='bbox 2708 4104 2915 4169; x_wconf 90' lang='lat' dir='ltr'><strong>locum</strong></span> <span class='ocrx_word' id='word_1_645' title='bbox 2949 4103 3279 4169; x_wconf 90' lang='lat' dir='ltr'><strong>Bulialdus</strong></span> <span class='ocrx_word' id='word_1_646' title='bbox 3308 4126 3373 4191; x_wconf 91' lang='lat' dir='ltr'><strong>p.</strong></span> <span class='ocrx_word' id='word_1_647' title='bbox 3395 4105 3557 4190; x_wconf 84' lang='lat'><strong>283:</strong></span> <span class='ocrx_word' id='word_1_648' title='bbox 3608 4114 3651 4145; x_wconf 75' lang='lat'><strong>‘⁶</strong></span> <span class='ocrx_word' id='word_1_649' title='bbox 3684 4109 3848 4173; x_wconf 89' lang='lat' dir='ltr'><strong>Sunt</strong></span> <span class='ocrx_word' id='word_1_650' title='bbox 3888 4133 4055 4198; x_wconf 85' lang='lat' dir='ltr'><strong>prae-</strong></span> 
     </span>
     <span class='ocr_line' id='line_1_83' title="bbox 2367 4206 4056 4301; baseline 0.002 -29"><span class='ocrx_word' id='word_1_651' title='bbox 2367 4223 2553 4283; x_wconf 89' lang='lat' dir='ltr'><strong>terea,</strong></span> <span class='ocrx_word' id='word_1_652' title='bbox 2579 4206 2690 4288; x_wconf 90' lang='lat' dir='ltr'><strong>ait,</strong></span> <span class='ocrx_word' id='word_1_653' title='bbox 2716 4221 2839 4272; x_wconf 90' lang='lat' dir='ltr'><strong>tres</strong></span> <span class='ocrx_word' id='word_1_654' title='bbox 2866 4207 3324 4295; x_wconf 56' lang='lat' dir='ltr'><strong>quaterniones„</strong></span> <span class='ocrx_word' id='word_1_655' title='bbox 3347 4230 3509 4272; x_wconf 90' lang='lat' dir='ltr'><strong>unus</strong></span> <span class='ocrx_word' id='word_1_656' title='bbox 3538 4208 3600 4273; x_wconf 91' lang='lat' dir='ltr'><strong>in</strong></span> <span class='ocrx_word' id='word_1_657' title='bbox 3630 4209 3891 4297; x_wconf 89' lang='lat' dir='ltr'><strong>singulis</strong></span> <span class='ocrx_word' id='word_1_658' title='bbox 3918 4237 4056 4301; x_wconf 85' lang='lat' dir='ltr'><strong>par-</strong></span> 
     </span>
     <span class='ocr_line' id='line_1_84' title="bbox 2368 4310 4052 4399; baseline 0.003 -22"><span class='ocrx_word' id='word_1_659' title='bbox 2368 4312 2556 4390; x_wconf 86' lang='lat' dir='ltr'><strong>tibus,</strong></span> <span class='ocrx_word' id='word_1_660' title='bbox 2589 4310 2821 4398; x_wconf 89' lang='lat' dir='ltr'><strong>quibus</strong></span> <span class='ocrx_word' id='word_1_661' title='bbox 2850 4311 3038 4375; x_wconf 86' lang='lat' dir='ltr'><strong>homo</strong></span> <span class='ocrx_word' id='word_1_662' title='bbox 3065 4310 3215 4375; x_wconf 80' lang='lat' dir='ltr'><strong>felix</strong></span> <span class='ocrx_word' id='word_1_663' title='bbox 3250 4311 3592 4398; x_wconf 88' lang='lat' dir='ltr'><strong>beatusque</strong></span> <span class='ocrx_word' id='word_1_664' title='bbox 3635 4313 4052 4399; x_wconf 68' lang='lat' dir='ltr'><strong>praedicatur:</strong></span> 
     </span>
     <span class='ocr_line' id='line_1_85' title="bbox 2365 4415 4059 4501; baseline 0.004 -22"><span class='ocrx_word' id='word_1_665' title='bbox 2365 4415 2428 4480; x_wconf 93' lang='lat' dir='ltr'><strong>in</strong></span> <span class='ocrx_word' id='word_1_666' title='bbox 2460 4415 2668 4480; x_wconf 88' lang='lat' dir='ltr'><strong>animo</strong></span> <span class='ocrx_word' id='word_1_667' title='bbox 2696 4415 3077 4493; x_wconf 75' lang='lat' dir='ltr'><strong>Prudentia,</strong></span> <span class='ocrx_word' id='word_1_668' title='bbox 3118 4415 3592 4501; x_wconf 73' lang='lat' dir='ltr'><strong>Temperantia,</strong></span> <span class='ocrx_word' id='word_1_669' title='bbox 3626 4417 3962 4484; x_wconf 72' lang='lat' dir='ltr'><strong>Fortitudo</strong></span> <span class='ocrx_word' id='word_1_670' title='bbox 3995 4438 4059 4486; x_wconf 91' lang='lat' dir='ltr'><strong>et</strong></span> 
     </span>
     <span class='ocr_line' id='line_1_86' title="bbox 2365 4504 4054 4602; baseline 0.003 -20"><span class='ocrx_word' id='word_1_671' title='bbox 2365 4520 2681 4591; x_wconf 59' lang='lat' dir='ltr'><strong>Justitim</strong></span> <span class='ocrx_word' id='word_1_672' title='bbox 2727 4517 2793 4580; x_wconf 90' lang='lat' dir='ltr'><strong>in</strong></span> <span class='ocrx_word' id='word_1_673' title='bbox 2838 4538 3021 4580; x_wconf 90' lang='lat' dir='ltr'><strong>sensu</strong></span> <span class='ocrx_word' id='word_1_674' title='bbox 3064 4530 3127 4580; x_wconf 93' lang='lat' dir='ltr'><strong>et</strong></span> <span class='ocrx_word' id='word_1_675' title='bbox 3169 4538 3426 4602; x_wconf 89' lang='lat' dir='ltr'><strong>corpore</strong></span> <span class='ocrx_word' id='word_1_676' title='bbox 3471 4517 3836 4597; x_wconf 78' lang='grc' dir='ltr'>εὐτισθησία,</span> <span class='ocrx_word' id='word_1_677' title='bbox 3868 4519 3934 4584; x_wconf 91' lang='lat' dir='ltr'><strong>id</strong></span> <span class='ocrx_word' id='word_1_678' title='bbox 3961 4504 4054 4587; x_wconf 82' lang='lat' dir='ltr'><strong>est</strong></span> 
     </span>
     <span class='ocr_line' id='line_1_87' title="bbox 2366 4617 4054 4707; baseline 0.002 -21"><span class='ocrx_word' id='word_1_679' title='bbox 2366 4644 2581 4686; x_wconf 87' lang='lat' dir='ltr'><strong>sensus</strong></span> <span class='ocrx_word' id='word_1_680' title='bbox 2622 4619 2940 4707; x_wconf 80' lang='lat' dir='ltr'><strong>perfectiO,</strong></span> <span class='ocrx_word' id='word_1_681' title='bbox 2991 4617 3253 4697; x_wconf 80' lang='lat' dir='ltr'><strong>Sanitas,</strong></span> <span class='ocrx_word' id='word_1_682' title='bbox 3298 4618 3548 4699; x_wconf 88' lang='lat' dir='ltr'><strong>Robur,</strong></span> <span class='ocrx_word' id='word_1_683' title='bbox 3597 4619 4054 4700; x_wconf 85' lang='lat' dir='ltr'><strong>Pulchritudo;</strong></span> 
     </span>
     <span class='ocr_line' id='line_1_88' title="bbox 2365 4720 4056 4809; baseline 0.003 -21"><span class='ocrx_word' id='word_1_684' title='bbox 2365 4724 2428 4788; x_wconf 92' lang='lat' dir='ltr'><strong>in</strong></span> <span class='ocrx_word' id='word_1_685' title='bbox 2493 4724 2673 4788; x_wconf 91' lang='lat' dir='ltr'><strong>bonis</strong></span> <span class='ocrx_word' id='word_1_686' title='bbox 2737 4723 3010 4787; x_wconf 85' lang='lat' dir='ltr'><strong>fortunae</strong></span> <span class='ocrx_word' id='word_1_687' title='bbox 3070 4720 3381 4798; x_wconf 90' lang='lat' dir='ltr'><strong>Felicitas,</strong></span> <span class='ocrx_word' id='word_1_688' title='bbox 3446 4721 3684 4801; x_wconf 89' lang='lat' dir='ltr'><strong>Gloria,</strong></span> <span class='ocrx_word' id='word_1_689' title='bbox 3745 4725 4056 4809; x_wconf 89' lang='lat' dir='ltr'><strong>Potentia,</strong></span> 
     </span>
     <span class='ocr_line' id='line_1_89' title="bbox 2367 4824 4058 4914; baseline 0.003 -22"><span class='ocrx_word' id='word_1_690' title='bbox 2367 4827 2726 4892; x_wconf 79' lang='lat' dir='ltr'><strong>Amicitia.&#39;&#39;</strong></span> <span class='ocrx_word' id='word_1_691' title='bbox 2781 4825 3107 4914; x_wconf 75' lang='lat' dir='ltr'><strong>Praecipue</strong></span> <span class='ocrx_word' id='word_1_692' title='bbox 3135 4824 3199 4889; x_wconf 91' lang='lat' dir='ltr'><strong>in</strong></span> <span class='ocrx_word' id='word_1_693' title='bbox 3232 4824 3561 4890; x_wconf 88' lang='lat' dir='ltr'><strong>Iamblichi</strong></span> <span class='ocrx_word' id='word_1_694' title='bbox 3589 4826 3751 4892; x_wconf 84' lang='lat' dir='ltr'><strong>libro</strong></span> <span class='ocrx_word' id='word_1_695' title='bbox 3776 4832 3913 4912; x_wconf 81' lang='grc' dir='ltr'>περὶ</span> <span class='ocrx_word' id='word_1_696' title='bbox 3942 4860 4058 4898; x_wconf 85' lang='grc' dir='ltr'>κοι-</span> 
     </span>
     <span class='ocr_line' id='line_1_90' title="bbox 2368 4924 4055 5014; baseline 0.004 -22"><span class='ocrx_word' id='word_1_697' title='bbox 2368 4934 2472 5011; x_wconf 82' lang='grc' dir='ltr'><strong>νῆς</strong></span> <span class='ocrx_word' id='word_1_698' title='bbox 2512 4933 2909 5010; x_wconf 83' lang='grc' dir='ltr'>μαθηματικῆς</span> <span class='ocrx_word' id='word_1_699' title='bbox 2952 4924 3273 5008; x_wconf 79' lang='grc' dir='ltr'>ἐπιστήμης</span> <span class='ocrx_word' id='word_1_700' title='bbox 3316 4926 3433 4991; x_wconf 88' lang='lat' dir='ltr'><strong>hoc</strong></span> <span class='ocrx_word' id='word_1_701' title='bbox 3475 4929 3705 5014; x_wconf 89' lang='lat' dir='ltr'><strong>agitur,</strong></span> <span class='ocrx_word' id='word_1_702' title='bbox 3740 4931 3946 4998; x_wconf 88' lang='lat' dir='ltr'><strong>omnia</strong></span> <span class='ocrx_word' id='word_1_703' title='bbox 3990 4934 4055 5000; x_wconf 88' lang='lat' dir='ltr'><strong>in</strong></span> 
     </span>
     <span class='ocr_line' id='line_1_91' title="bbox 2367 5032 4055 5118; baseline 0.003 -21"><span class='ocrx_word' id='word_1_704' title='bbox 2367 5033 2641 5098; x_wconf 90' lang='lat' dir='ltr'><strong>numeris</strong></span> <span class='ocrx_word' id='word_1_705' title='bbox 2667 5032 3018 5110; x_wconf 89' lang='lat' dir='ltr'><strong>consistere,</strong></span> <span class='ocrx_word' id='word_1_706' title='bbox 3044 5045 3109 5095; x_wconf 89' lang='lat' dir='ltr'><strong>et</strong></span> <span class='ocrx_word' id='word_1_707' title='bbox 3137 5032 3434 5096; x_wconf 76' lang='lat' dir='ltr'><strong>virtutem</strong></span> <span class='ocrx_word' id='word_1_708' title='bbox 3475 5034 3681 5118; x_wconf 73' lang='lat' dir='ltr'><strong>ipsam</strong></span> <span class='ocrx_word' id='word_1_709' title='bbox 3724 5056 4055 5102; x_wconf 75' lang='lat' dir='ltr'><strong>numerum</strong></span> 
     </span>
     <span class='ocr_line' id='line_1_92' title="bbox 2366 5133 4057 5223; baseline 0.001 -22"><span class='ocrx_word' id='word_1_710' title='bbox 2366 5159 2518 5201; x_wconf 68' lang='lat' dir='ltr'><strong>esse.</strong></span> <span class='ocrx_word' id='word_1_711' title='bbox 2613 5136 2710 5199; x_wconf 92' lang='lat' dir='ltr'><strong>De</strong></span> <span class='ocrx_word' id='word_1_712' title='bbox 2751 5135 2934 5223; x_wconf 87' lang='lat' dir='ltr'><strong>cujus</strong></span> <span class='ocrx_word' id='word_1_713' title='bbox 2975 5133 3275 5199; x_wconf 86' lang='lat' dir='ltr'><strong>doctrinae</strong></span> <span class='ocrx_word' id='word_1_714' title='bbox 3317 5135 3691 5200; x_wconf 88' lang='lat' dir='ltr'><strong>obscuritate</strong></span> <span class='ocrx_word' id='word_1_715' title='bbox 3721 5137 4057 5203; x_wconf 88' lang='lat' dir='ltr'><strong>Tenullius</strong></span> 
     </span>
     <span class='ocr_line' id='line_1_93' title="bbox 2365 5236 4051 5327; baseline 0.001 -22"><span class='ocrx_word' id='word_1_716' title='bbox 2365 5239 2768 5327; x_wconf 89' lang='lat' dir='ltr'><strong>conqueritur</strong></span> <span class='ocrx_word' id='word_1_717' title='bbox 2814 5239 2874 5302; x_wconf 88' lang='lat' dir='ltr'><strong>in</strong></span> <span class='ocrx_word' id='word_1_718' title='bbox 2921 5237 3180 5325; x_wconf 87' lang='lat' dir='ltr'><strong>epistola</strong></span> <span class='ocrx_word' id='word_1_719' title='bbox 3223 5237 3302 5302; x_wconf 92' lang='lat' dir='ltr'><strong>ad</strong></span> <span class='ocrx_word' id='word_1_720' title='bbox 3349 5236 3674 5301; x_wconf 88' lang='lat' dir='ltr'><strong>Nicolaum</strong></span> <span class='ocrx_word' id='word_1_721' title='bbox 3717 5237 4051 5306; x_wconf 90' lang='lat' dir='ltr'><strong>Heinsium</strong></span> 
     </span>
     <span class='ocr_line' id='line_1_94' title="bbox 2363 5340 3824 5430; baseline -0.002 -23"><span class='ocrx_word' id='word_1_722' title='bbox 2363 5343 2428 5407; x_wconf 93' lang='lat' dir='ltr'><strong>in</strong></span> <span class='ocrx_word' id='word_1_723' title='bbox 2463 5343 2717 5430; x_wconf 88' lang='lat' dir='ltr'><strong>Sylloge</strong></span> <span class='ocrx_word' id='word_1_724' title='bbox 2748 5340 3215 5406; x_wconf 89' lang='lat' dir='ltr'><strong>Burmanniana</strong></span> <span class='ocrx_word' id='word_1_725' title='bbox 3245 5342 3434 5405; x_wconf 88' lang='lat' dir='ltr'><strong>Tom.</strong></span> <span class='ocrx_word' id='word_1_726' title='bbox 3458 5340 3556 5404; x_wconf 94' lang='lat'><strong>11.</strong></span> <span class='ocrx_word' id='word_1_727' title='bbox 3588 5364 3651 5427; x_wconf 89' lang='lat' dir='ltr'><strong>p.</strong></span> <span class='ocrx_word' id='word_1_728' title='bbox 3679 5342 3824 5424; x_wconf 89' lang='lat'><strong>798.</strong></span> 
     </span>
    </p>

    <p class='ocr_par' dir='ltr' id='par_1_9' title="bbox 2365 5442 4060 5631">
     <span class='ocr_line' id='line_1_95' title="bbox 2450 5442 4060 5532; baseline 0 -24"><span class='ocrx_word' id='word_1_729' title='bbox 2450 5469 2514 5532; x_wconf 90' lang='lat' dir='ltr'><strong>p.</strong></span> <span class='ocrx_word' id='word_1_730' title='bbox 2556 5447 2741 5520; x_wconf 85' lang='lat'><strong>1262,</strong></span> <span class='ocrx_word' id='word_1_731' title='bbox 2781 5466 2832 5507; x_wconf 94' lang='lat'><strong>1.</strong></span> <span class='ocrx_word' id='word_1_732' title='bbox 2881 5442 3019 5508; x_wconf 80' lang='grc' dir='ltr'>ἀλλ’</span> <span class='ocrx_word' id='word_1_733' title='bbox 3067 5445 3157 5507; x_wconf 84' lang='grc' dir='ltr'><strong>ὅτι</strong></span> <span class='ocrx_word' id='word_1_734' title='bbox 3202 5444 3433 5523; x_wconf 76' lang='grc' dir='ltr'>ἔξεστιν</span> <span class='ocrx_word' id='word_1_735' title='bbox 3470 5443 3567 5507; x_wconf 77' lang='grc' dir='ltr'><strong>ἐπὶ</strong></span> <span class='ocrx_word' id='word_1_736' title='bbox 3607 5447 3676 5523; x_wconf 78' lang='grc' dir='ltr'><strong>τῇ</strong></span> <span class='ocrx_word' id='word_1_737' title='bbox 3718 5445 4060 5527; x_wconf 78' lang='grc' dir='ltr'>μεγίστῃ-</span> 
     </span>
     <span class='ocr_line' id='line_1_96' title="bbox 2365 5544 4057 5631; baseline 0.002 -20"><span class='ocrx_word' id='word_1_738' title='bbox 2365 5550 2677 5627; x_wconf 80' lang='grc' dir='ltr'>ἑπινοῆσαι</span> <span class='ocrx_word' id='word_1_739' title='bbox 2719 5547 2917 5631; x_wconf 85' lang='grc' dir='ltr'>μείζω]</span> <span class='ocrx_word' id='word_1_740' title='bbox 2983 5544 3108 5609; x_wconf 91' lang='lat' dir='ltr'><strong>Ed.</strong></span> <span class='ocrx_word' id='word_1_741' title='bbox 3157 5546 3253 5609; x_wconf 77' lang='grc' dir='ltr'><strong>ἐπὶ</strong></span> <span class='ocrx_word' id='word_1_742' title='bbox 3296 5545 3404 5624; x_wconf 81' lang='grc' dir='ltr'><strong>τὴν</strong></span> <span class='ocrx_word' id='word_1_743' title='bbox 3442 5546 3754 5626; x_wconf 78' lang='grc' dir='ltr'>μεγίστην.</span> <span class='ocrx_word' id='word_1_744' title='bbox 3846 5548 4057 5615; x_wconf 83' lang='lat' dir='ltr'><strong>Ceteri</strong></span> 
     </span>
    </p>
   </div>
  </div>
 </body>
</html>
