<?xml version="1.0" encoding="UTF-8"?>
<!DOCTYPE html PUBLIC "-//W3C//DTD XHTML 1.0 Transitional//EN"
    "http://www.w3.org/TR/xhtml1/DTD/xhtml1-transitional.dtd">
<html xmlns="http://www.w3.org/1999/xhtml" xml:lang="en" lang="en">
 <head>
  <title>
</title>
<meta http-equiv="Content-Type" content="text/html;charset=utf-8" />
  <meta name='ocr-system' content='tesseract 3.04.00' />
  <meta name='ocr-capabilities' content='ocr_page ocr_carea ocr_par ocr_line ocrx_word'/>
</head>
<body>
  <div class='ocr_page' id='page_1' title='image "./plotinioperaomn00chumgoog_0229.png"; bbox 0 0 5118 6613; ppageno 0'>
   <div class='ocr_carea' id='block_1_1' title="bbox 1312 539 4012 628">
    <p class='ocr_par' dir='ltr' id='par_1_1' title="bbox 1312 539 4012 628">
     <span class='ocr_line' id='line_1_1' title="bbox 1312 539 4012 628; baseline -0 -23"><span class='ocrx_word' id='word_1_1' title='bbox 1312 540 1513 606; x_wconf 85' lang='lat' dir='ltr'><strong>LIB.</strong></span> <span class='ocrx_word' id='word_1_2' title='bbox 1564 540 1684 605; x_wconf 90' lang='lat' dir='ltr'>1v.</span> <span class='ocrx_word' id='word_1_3' title='bbox 1732 540 2199 606; x_wconf 86' lang='lat' dir='ltr'><strong>ENNEAD.</strong></span> <span class='ocrx_word' id='word_1_4' title='bbox 2256 539 2744 619; x_wconf 80' lang='lat' dir='ltr'><strong>QUARTAE.</strong></span> <span class='ocrx_word' id='word_1_5' title='bbox 2787 562 2854 628; x_wconf 86' lang='lat' dir='ltr'>p.</span> <span class='ocrx_word' id='word_1_6' title='bbox 2888 553 3254 626; x_wconf 76' lang='lat'>737-744</span> <span class='ocrx_word' id='word_1_7' title='bbox 3888 553 4012 628; x_wconf 84' lang='lat'>223</span> 
     </span>
    </p>
   </div>
   <div class='ocr_carea' id='block_1_2' title="bbox 510 711 2223 5612">
    <p class='ocr_par' dir='ltr' id='par_1_2' title="bbox 517 711 2223 1514">
     <span class='ocr_line' id='line_1_2' title="bbox 520 711 2222 802; baseline 0 -24"><span class='ocrx_word' id='word_1_8' title='bbox 520 716 601 780; x_wconf 92' lang='lat' dir='ltr'>B.</span> <span class='ocrx_word' id='word_1_9' title='bbox 627 736 695 802; x_wconf 89' lang='lat' dir='ltr'>p.</span> <span class='ocrx_word' id='word_1_10' title='bbox 734 728 836 799; x_wconf 81' lang='lat'>25.</span> <span class='ocrx_word' id='word_1_11' title='bbox 869 711 1079 777; x_wconf 84' lang='lat' dir='ltr'>Bekk.</span> <span class='ocrx_word' id='word_1_12' title='bbox 1157 712 1347 777; x_wconf 83' lang='lat' dir='ltr'>Unde</span> <span class='ocrx_word' id='word_1_13' title='bbox 1380 712 1636 777; x_wconf 90' lang='lat' dir='ltr'>Proclus</span> <span class='ocrx_word' id='word_1_14' title='bbox 1662 712 1725 776; x_wconf 92' lang='lat' dir='ltr'>in</span> <span class='ocrx_word' id='word_1_15' title='bbox 1758 713 2222 778; x_wconf 82' lang='lat' dir='ltr'>Commentario</span> 
     </span>
     <span class='ocr_line' id='line_1_3' title="bbox 517 814 2221 905; baseline -0.002 -23"><span class='ocrx_word' id='word_1_16' title='bbox 517 839 584 905; x_wconf 89' lang='lat' dir='ltr'>p.</span> <span class='ocrx_word' id='word_1_17' title='bbox 617 833 719 900; x_wconf 90' lang='lat'><strong>74.</strong></span> <span class='ocrx_word' id='word_1_18' title='bbox 753 815 902 881; x_wconf 80' lang='lat' dir='ltr'>infr.</span> <span class='ocrx_word' id='word_1_19' title='bbox 947 830 1010 879; x_wconf 92' lang='lat' dir='ltr'>et</span> <span class='ocrx_word' id='word_1_20' title='bbox 1047 839 1114 903; x_wconf 90' lang='lat' dir='ltr'>p.</span> <span class='ocrx_word' id='word_1_21' title='bbox 1148 830 1252 900; x_wconf 86' lang='lat'>75.</span> <span class='ocrx_word' id='word_1_22' title='bbox 1282 814 1534 879; x_wconf 88' lang='lat' dir='ltr'>classico</span> <span class='ocrx_word' id='word_1_23' title='bbox 1576 814 1734 893; x_wconf 81' lang='lat' dir='ltr'>locO,</span> <span class='ocrx_word' id='word_1_24' title='bbox 1767 815 1875 879; x_wconf 88' lang='lat' dir='ltr'>sed</span> <span class='ocrx_word' id='word_1_25' title='bbox 1919 814 2221 901; x_wconf 83' lang='lat' dir='ltr'>longiore,</span> 
     </span>
     <span class='ocr_line' id='line_1_4' title="bbox 518 915 2223 1005; baseline -0.001 -23"><span class='ocrx_word' id='word_1_26' title='bbox 518 940 710 1005; x_wconf 87' lang='lat' dir='ltr'>quam</span> <span class='ocrx_word' id='word_1_27' title='bbox 761 917 875 1005; x_wconf 90' lang='lat' dir='ltr'>qui</span> <span class='ocrx_word' id='word_1_28' title='bbox 921 916 1024 981; x_wconf 92' lang='lat' dir='ltr'>hic</span> <span class='ocrx_word' id='word_1_29' title='bbox 1062 915 1296 1003; x_wconf 91' lang='lat' dir='ltr'>apponi</span> <span class='ocrx_word' id='word_1_30' title='bbox 1346 916 1565 1003; x_wconf 85' lang='lat' dir='ltr'><strong>possit,</strong></span> <span class='ocrx_word' id='word_1_31' title='bbox 1615 916 1695 981; x_wconf 92' lang='lat' dir='ltr'>de</span> <span class='ocrx_word' id='word_1_32' title='bbox 1738 940 1844 980; x_wconf 87' lang='lat' dir='ltr'>sex</span> <span class='ocrx_word' id='word_1_33' title='bbox 1889 915 2223 1003; x_wconf 89' lang='lat' dir='ltr'>generibus</span> 
     </span>
     <span class='ocr_line' id='line_1_5' title="bbox 520 1018 2219 1105; baseline -0.001 -20"><span class='ocrx_word' id='word_1_34' title='bbox 520 1023 646 1102; x_wconf 90' lang='lat' dir='ltr'>(tot</span> <span class='ocrx_word' id='word_1_35' title='bbox 685 1019 850 1085; x_wconf 88' lang='lat' dir='ltr'>enim</span> <span class='ocrx_word' id='word_1_36' title='bbox 893 1022 1207 1102; x_wconf 86' lang='lat' dir='ltr'>numerat)</span> <span class='ocrx_word' id='word_1_37' title='bbox 1239 1025 1357 1083; x_wconf 82' lang='grc' dir='ltr'>τῶν</span> <span class='ocrx_word' id='word_1_38' title='bbox 1388 1019 1656 1098; x_wconf 81' lang='grc' dir='ltr'>νοήσεων</span> <span class='ocrx_word' id='word_1_39' title='bbox 1694 1018 2058 1105; x_wconf 89' lang='lat' dir='ltr'>disputandi</span> <span class='ocrx_word' id='word_1_40' title='bbox 2088 1041 2219 1084; x_wconf 88' lang='lat' dir='ltr'>ma-</span> 
     </span>
     <span class='ocr_line' id='line_1_6' title="bbox 517 1120 2223 1210; baseline -0.001 -22"><span class='ocrx_word' id='word_1_41' title='bbox 517 1123 735 1188; x_wconf 78' lang='lat' dir='ltr'>teriam</span> <span class='ocrx_word' id='word_1_42' title='bbox 764 1123 1062 1210; x_wconf 85' lang='lat' dir='ltr'><strong>percepit.</strong></span> <span class='ocrx_word' id='word_1_43' title='bbox 1153 1125 1258 1187; x_wconf 88' lang='lat' dir='ltr'>Ex</span> <span class='ocrx_word' id='word_1_44' title='bbox 1290 1121 1507 1185; x_wconf 88' lang='lat' dir='ltr'>iisdem</span> <span class='ocrx_word' id='word_1_45' title='bbox 1543 1120 1689 1186; x_wconf 86' lang='lat' dir='ltr'>locis</span> <span class='ocrx_word' id='word_1_46' title='bbox 1722 1120 2051 1187; x_wconf 83' lang='lat' dir='ltr'>Platonicis</span> <span class='ocrx_word' id='word_1_47' title='bbox 2079 1145 2223 1209; x_wconf 90' lang='lat' dir='ltr'>pro-</span> 
     </span>
     <span class='ocr_line' id='line_1_7' title="bbox 517 1223 2220 1311; baseline 0.001 -22"><span class='ocrx_word' id='word_1_48' title='bbox 517 1225 736 1291; x_wconf 85' lang='lat' dir='ltr'>fecisse</span> <span class='ocrx_word' id='word_1_49' title='bbox 763 1225 1015 1290; x_wconf 90' lang='lat' dir='ltr'>videtur</span> <span class='ocrx_word' id='word_1_50' title='bbox 1057 1224 1242 1289; x_wconf 91' lang='lat' dir='ltr'>Philo</span> <span class='ocrx_word' id='word_1_51' title='bbox 1284 1225 1330 1287; x_wconf 88' lang='lat' dir='ltr'>J</span> <span class='ocrx_word' id='word_1_52' title='bbox 1338 1224 1558 1288; x_wconf 89' lang='lat' dir='ltr'>udaeus</span> <span class='ocrx_word' id='word_1_53' title='bbox 1596 1224 1788 1311; x_wconf 85' lang='lat' dir='ltr'>Legis</span> <span class='ocrx_word' id='word_1_54' title='bbox 1818 1223 2124 1311; x_wconf 87' lang='lat' dir='ltr'>Allegorr.</span> <span class='ocrx_word' id='word_1_55' title='bbox 2162 1227 2220 1291; x_wconf 91' lang='grc' dir='ltr'><strong>Ι.</strong></span> 
     </span>
     <span class='ocr_line' id='line_1_8' title="bbox 519 1325 2217 1415; baseline -0.002 -22"><span class='ocrx_word' id='word_1_56' title='bbox 519 1350 586 1415; x_wconf 87' lang='lat' dir='ltr'>p.</span> <span class='ocrx_word' id='word_1_57' title='bbox 614 1348 722 1410; x_wconf 88' lang='lat'>41.</span> <span class='ocrx_word' id='word_1_58' title='bbox 758 1330 982 1415; x_wconf 87' lang='lat' dir='ltr'>Mang.</span> <span class='ocrx_word' id='word_1_59' title='bbox 1015 1350 1080 1415; x_wconf 89' lang='lat' dir='ltr'>p.</span> <span class='ocrx_word' id='word_1_60' title='bbox 1118 1345 1262 1393; x_wconf 81' lang='lat'><strong>122.</strong></span> <span class='ocrx_word' id='word_1_61' title='bbox 1308 1326 1517 1390; x_wconf 84' lang='lat' dir='ltr'>Pfeiff.</span> <span class='ocrx_word' id='word_1_62' title='bbox 1550 1339 1613 1390; x_wconf 89' lang='lat' dir='ltr'>et</span> <span class='ocrx_word' id='word_1_63' title='bbox 1641 1325 1748 1391; x_wconf 93' lang='lat' dir='ltr'>lib.</span> <span class='ocrx_word' id='word_1_64' title='bbox 1785 1329 1885 1391; x_wconf 97' lang='lat' dir='ltr'>II.</span> <span class='ocrx_word' id='word_1_65' title='bbox 1919 1349 1985 1413; x_wconf 90' lang='lat' dir='ltr'>p.</span> <span class='ocrx_word' id='word_1_66' title='bbox 2022 1342 2125 1409; x_wconf 92' lang='lat'><strong>71.</strong></span> <span class='ocrx_word' id='word_1_67' title='bbox 2155 1350 2217 1414; x_wconf 89' lang='lat' dir='ltr'>p.</span> 
     </span>
     <span class='ocr_line' id='line_1_9' title="bbox 527 1430 671 1514; baseline 0 -20"><span class='ocrx_word' id='word_1_68' title='bbox 527 1430 671 1514; x_wconf 90' lang='lat'><strong>198.</strong></span> 
     </span>
    </p>

    <p class='ocr_par' dir='ltr' id='par_1_3' title="bbox 516 1530 2222 3365">
     <span class='ocr_line' id='line_1_10' title="bbox 579 1530 2217 1621; baseline -0.001 -23"><span class='ocrx_word' id='word_1_69' title='bbox 579 1531 675 1621; x_wconf 52' lang='lat' dir='ltr'>‘p.</span> <span class='ocrx_word' id='word_1_70' title='bbox 708 1551 858 1617; x_wconf 87' lang='lat'>741,</span> <span class='ocrx_word' id='word_1_71' title='bbox 894 1553 995 1619; x_wconf 82' lang='grc'><strong>13.</strong></span> <span class='ocrx_word' id='word_1_72' title='bbox 1039 1530 1236 1597; x_wconf 82' lang='grc' dir='ltr'>πάντα</span> <span class='ocrx_word' id='word_1_73' title='bbox 1264 1537 1381 1615; x_wconf 79' lang='grc' dir='ltr'>γὰρ</span> <span class='ocrx_word' id='word_1_74' title='bbox 1410 1533 1583 1599; x_wconf 79' lang='grc' dir='ltr'>αὐτός</span> <span class='ocrx_word' id='word_1_75' title='bbox 1614 1534 1763 1605; x_wconf 80' lang='grc' dir='ltr'>ἑστι,</span> <span class='ocrx_word' id='word_1_76' title='bbox 1802 1533 1898 1596; x_wconf 85' lang='grc' dir='ltr'>καὶ</span> <span class='ocrx_word' id='word_1_77' title='bbox 1922 1533 2099 1615; x_wconf 99' lang='grc' dir='ltr'>ἄμφω</span> <span class='ocrx_word' id='word_1_78' title='bbox 2132 1534 2217 1597; x_wconf 79' lang='grc' dir='ltr'>ἔν·</span> 
     </span>
     <span class='ocr_line' id='line_1_11' title="bbox 519 1633 2219 1722; baseline -0.001 -21"><span class='ocrx_word' id='word_1_79' title='bbox 519 1636 656 1701; x_wconf 76' lang='grc' dir='ltr'>ἀλλ’</span> <span class='ocrx_word' id='word_1_80' title='bbox 675 1639 714 1718; x_wconf 84' lang='grc' dir='ltr'><strong><em>ἦ</em></strong></span> <span class='ocrx_word' id='word_1_81' title='bbox 740 1636 941 1721; x_wconf 77' lang='grc' dir='ltr'>ψυχή]</span> <span class='ocrx_word' id='word_1_82' title='bbox 979 1638 1082 1700; x_wconf 88' lang='lat' dir='ltr'>Ita</span> <span class='ocrx_word' id='word_1_83' title='bbox 1107 1634 1254 1699; x_wconf 90' lang='lat' dir='ltr'>dedi</span> <span class='ocrx_word' id='word_1_84' title='bbox 1275 1635 1689 1722; x_wconf 89' lang='lat' dir='ltr'>plurimorum</span> <span class='ocrx_word' id='word_1_85' title='bbox 1712 1633 2014 1699; x_wconf 89' lang='lat' dir='ltr'>librorum</span> <span class='ocrx_word' id='word_1_86' title='bbox 2037 1637 2219 1722; x_wconf 89' lang='lat' dir='ltr'>jussu</span> 
     </span>
     <span class='ocr_line' id='line_1_12' title="bbox 519 1740 2219 1830; baseline 0 -24"><span class='ocrx_word' id='word_1_87' title='bbox 519 1754 583 1806; x_wconf 81' lang='lat' dir='ltr'>et</span> <span class='ocrx_word' id='word_1_88' title='bbox 637 1757 900 1830; x_wconf 86' lang='lat' dir='ltr'>propter</span> <span class='ocrx_word' id='word_1_89' title='bbox 948 1740 1306 1827; x_wconf 87' lang='lat' dir='ltr'>sequentia:</span> <span class='ocrx_word' id='word_1_90' title='bbox 1357 1744 1440 1809; x_wconf 79' lang='grc' dir='ltr'>εἵς</span> <span class='ocrx_word' id='word_1_91' title='bbox 1487 1766 1554 1805; x_wconf 86' lang='grc' dir='ltr'>τε</span> <span class='ocrx_word' id='word_1_92' title='bbox 1612 1745 1756 1804; x_wconf 85' lang='grc' dir='ltr'>νοῦν</span> <span class='ocrx_word' id='word_1_93' title='bbox 1807 1743 2072 1806; x_wconf 78' lang='grc' dir='ltr'>ἐλθοῦσα</span> <span class='ocrx_word' id='word_1_94' title='bbox 2113 1743 2219 1824; x_wconf 89' lang='grc' dir='ltr'>ἥρ-</span> 
     </span>
     <span class='ocr_line' id='line_1_13' title="bbox 516 1842 2218 1927; baseline 0.001 -21"><span class='ocrx_word' id='word_1_95' title='bbox 516 1842 958 1922; x_wconf 78' lang='grc' dir='ltr'>μοσται-ἀλλ’</span> <span class='ocrx_word' id='word_1_96' title='bbox 1000 1845 1066 1907; x_wconf 81' lang='grc' dir='ltr'>ἔν</span> <span class='ocrx_word' id='word_1_97' title='bbox 1098 1846 1265 1907; x_wconf 76' lang='grc' dir='ltr'>ἐστιν</span> <span class='ocrx_word' id='word_1_98' title='bbox 1298 1844 1475 1927; x_wconf 87' lang='grc' dir='ltr'>ἄμφω</span> <span class='ocrx_word' id='word_1_99' title='bbox 1516 1843 1610 1907; x_wconf 89' lang='grc' dir='ltr'>καὶ</span> <span class='ocrx_word' id='word_1_100' title='bbox 1639 1846 1761 1908; x_wconf 84' lang='grc' dir='ltr'>δύο.</span> <span class='ocrx_word' id='word_1_101' title='bbox 1858 1844 2077 1908; x_wconf 83' lang='lat' dir='ltr'>Editio</span> <span class='ocrx_word' id='word_1_102' title='bbox 2108 1845 2218 1908; x_wconf 87' lang='lat' dir='ltr'>ha-</span> 
     </span>
     <span class='ocr_line' id='line_1_14' title="bbox 518 1944 2220 2032; baseline 0.002 -24"><span class='ocrx_word' id='word_1_103' title='bbox 518 1944 661 2009; x_wconf 89' lang='lat' dir='ltr'>bet:</span> <span class='ocrx_word' id='word_1_104' title='bbox 692 1944 891 2009; x_wconf 84' lang='grc' dir='ltr'>πάντα</span> <span class='ocrx_word' id='word_1_105' title='bbox 919 1949 1035 2028; x_wconf 80' lang='grc' dir='ltr'>γὰρ</span> <span class='ocrx_word' id='word_1_106' title='bbox 1065 1946 1237 2014; x_wconf 80' lang='grc' dir='ltr'>αὐτός</span> <span class='ocrx_word' id='word_1_107' title='bbox 1260 1948 1410 2010; x_wconf 77' lang='grc' dir='ltr'>ἐστι.</span> <span class='ocrx_word' id='word_1_108' title='bbox 1444 1946 1538 2010; x_wconf 83' lang='grc' dir='ltr'>καὶ</span> <span class='ocrx_word' id='word_1_109' title='bbox 1560 1947 1739 2028; x_wconf 84' lang='grc' dir='ltr'>ἄμφω</span> <span class='ocrx_word' id='word_1_110' title='bbox 1763 1949 1832 2010; x_wconf 82' lang='grc' dir='ltr'>ἐν</span> <span class='ocrx_word' id='word_1_111' title='bbox 1861 1948 2021 2026; x_wconf 82' lang='grc' dir='ltr'>ἄλλῃ</span> <span class='ocrx_word' id='word_1_112' title='bbox 2049 1953 2220 2032; x_wconf 80' lang='grc' dir='ltr'>ψυχῇ</span> 
     </span>
     <span class='ocr_line' id='line_1_15' title="bbox 523 2047 2222 2137; baseline 0.003 -27"><span class='ocrx_word' id='word_1_113' title='bbox 523 2049 589 2110; x_wconf 78' lang='grc' dir='ltr'>ἐν</span> <span class='ocrx_word' id='word_1_114' title='bbox 624 2050 706 2133; x_wconf 72' lang='grc' dir='ltr'>τῷ</span> <span class='ocrx_word' id='word_1_115' title='bbox 745 2051 935 2134; x_wconf 72' lang='grc' dir='ltr'>νοητῷ</span> <span class='ocrx_word' id='word_1_116' title='bbox 977 2048 1153 2112; x_wconf 72' lang='grc' dir='ltr'>οὖσα.</span> <span class='ocrx_word' id='word_1_117' title='bbox 1244 2047 1542 2113; x_wconf 89' lang='lat' dir='ltr'>Ficinus:</span> <span class='ocrx_word' id='word_1_118' title='bbox 1594 2056 1638 2087; x_wconf 91' lang='lat'><strong>“</strong></span> <span class='ocrx_word' id='word_1_119' title='bbox 1673 2049 1903 2114; x_wconf 89' lang='lat' dir='ltr'>Omnia</span> <span class='ocrx_word' id='word_1_120' title='bbox 1947 2072 2222 2137; x_wconf 89' lang='lat' dir='ltr'>namque</span> 
     </span>
     <span class='ocr_line' id='line_1_16' title="bbox 519 2151 2222 2241; baseline 0.004 -28"><span class='ocrx_word' id='word_1_121' title='bbox 519 2151 649 2238; x_wconf 86' lang='lat' dir='ltr'>ipse</span> <span class='ocrx_word' id='word_1_122' title='bbox 692 2168 808 2230; x_wconf 89' lang='lat' dir='ltr'>est,</span> <span class='ocrx_word' id='word_1_123' title='bbox 855 2168 1047 2239; x_wconf 90' lang='lat' dir='ltr'>atque</span> <span class='ocrx_word' id='word_1_124' title='bbox 1087 2152 1429 2216; x_wconf 89' lang='lat' dir='ltr'>secundum</span> <span class='ocrx_word' id='word_1_125' title='bbox 1475 2153 1662 2217; x_wconf 87' lang='lat' dir='ltr'>ambo</span> <span class='ocrx_word' id='word_1_126' title='bbox 1705 2177 1819 2241; x_wconf 89' lang='lat' dir='ltr'>per</span> <span class='ocrx_word' id='word_1_127' title='bbox 1862 2154 2043 2219; x_wconf 90' lang='lat' dir='ltr'>aliam</span> <span class='ocrx_word' id='word_1_128' title='bbox 2092 2156 2222 2220; x_wconf 87' lang='lat' dir='ltr'>ani-</span> 
     </span>
     <span class='ocr_line' id='line_1_17' title="bbox 519 2253 2220 2344; baseline 0.003 -27"><span class='ocrx_word' id='word_1_129' title='bbox 519 2275 680 2317; x_wconf 84' lang='lat' dir='ltr'>mam</span> <span class='ocrx_word' id='word_1_130' title='bbox 708 2253 771 2317; x_wconf 90' lang='lat' dir='ltr'>in</span> <span class='ocrx_word' id='word_1_131' title='bbox 788 2254 1028 2318; x_wconf 88' lang='lat' dir='ltr'>mundo</span> <span class='ocrx_word' id='word_1_132' title='bbox 1044 2254 1416 2341; x_wconf 87' lang='lat' dir='ltr'>intelligibili</span> <span class='ocrx_word' id='word_1_133' title='bbox 1441 2258 1884 2344; x_wconf 76' lang='lat' dir='ltr'>permanens:”</span> <span class='ocrx_word' id='word_1_134' title='bbox 1913 2271 2029 2322; x_wconf 90' lang='lat' dir='ltr'>cet.</span> <span class='ocrx_word' id='word_1_135' title='bbox 2099 2258 2220 2322; x_wconf 91' lang='lat' dir='ltr'>Illa</span> 
     </span>
     <span class='ocr_line' id='line_1_18' title="bbox 520 2355 2220 2446; baseline 0.003 -27"><span class='ocrx_word' id='word_1_136' title='bbox 520 2355 583 2419; x_wconf 90' lang='lat' dir='ltr'>in</span> <span class='ocrx_word' id='word_1_137' title='bbox 611 2355 832 2420; x_wconf 86' lang='lat' dir='ltr'>initio:</span> <span class='ocrx_word' id='word_1_138' title='bbox 879 2357 1073 2421; x_wconf 84' lang='grc' dir='ltr'>πάντα</span> <span class='ocrx_word' id='word_1_139' title='bbox 1111 2362 1228 2439; x_wconf 79' lang='grc' dir='ltr'>γὰρ</span> <span class='ocrx_word' id='word_1_140' title='bbox 1273 2358 1448 2425; x_wconf 81' lang='grc' dir='ltr'>αὐτός</span> <span class='ocrx_word' id='word_1_141' title='bbox 1485 2361 1615 2422; x_wconf 81' lang='grc' dir='ltr'>ἑστι</span> <span class='ocrx_word' id='word_1_142' title='bbox 1658 2358 2029 2446; x_wconf 85' lang='lat' dir='ltr'>explicanda</span> <span class='ocrx_word' id='word_1_143' title='bbox 2073 2377 2220 2425; x_wconf 89' lang='lat' dir='ltr'>sunt</span> 
     </span>
     <span class='ocr_line' id='line_1_19' title="bbox 519 2456 2222 2545; baseline 0.004 -25"><span class='ocrx_word' id='word_1_144' title='bbox 519 2480 594 2521; x_wconf 80' lang='lat' dir='ltr'>ex</span> <span class='ocrx_word' id='word_1_145' title='bbox 642 2456 750 2522; x_wconf 84' lang='lat' dir='ltr'>illa</span> <span class='ocrx_word' id='word_1_146' title='bbox 791 2460 1114 2537; x_wconf 88' lang='lat' dir='ltr'>sententia,</span> <span class='ocrx_word' id='word_1_147' title='bbox 1147 2459 1377 2545; x_wconf 85' lang='lat' dir='ltr'>saepius</span> <span class='ocrx_word' id='word_1_148' title='bbox 1420 2460 1606 2524; x_wconf 89' lang='lat' dir='ltr'>obvia</span> <span class='ocrx_word' id='word_1_149' title='bbox 1648 2460 1712 2523; x_wconf 91' lang='lat' dir='ltr'>in</span> <span class='ocrx_word' id='word_1_150' title='bbox 1759 2460 1855 2525; x_wconf 89' lang='lat' dir='ltr'>his</span> <span class='ocrx_word' id='word_1_151' title='bbox 1904 2463 2222 2527; x_wconf 88' lang='lat' dir='ltr'>Enneadi-</span> 
     </span>
     <span class='ocr_line' id='line_1_20' title="bbox 519 2560 2216 2650; baseline 0.003 -26"><span class='ocrx_word' id='word_1_152' title='bbox 519 2560 659 2638; x_wconf 82' lang='lat' dir='ltr'>buS,</span> <span class='ocrx_word' id='word_1_153' title='bbox 691 2564 784 2625; x_wconf 81' lang='grc' dir='ltr'>ὅτι</span> <span class='ocrx_word' id='word_1_154' title='bbox 813 2564 845 2625; x_wconf 88' lang='grc' dir='ltr'>ὁ</span> <span class='ocrx_word' id='word_1_155' title='bbox 877 2567 1031 2636; x_wconf 82' lang='grc' dir='ltr'>νοῦς,</span> <span class='ocrx_word' id='word_1_156' title='bbox 1064 2566 1138 2627; x_wconf 75' lang='grc' dir='ltr'>τὰ</span> <span class='ocrx_word' id='word_1_157' title='bbox 1166 2563 1380 2626; x_wconf 81' lang='grc' dir='ltr'>πάντα.</span> <span class='ocrx_word' id='word_1_158' title='bbox 1431 2562 1573 2626; x_wconf 92' lang='lat' dir='ltr'>Vid.</span> <span class='ocrx_word' id='word_1_159' title='bbox 1610 2564 1669 2627; x_wconf 91' lang='lat' dir='ltr'>I.</span> <span class='ocrx_word' id='word_1_160' title='bbox 1697 2563 1759 2627; x_wconf 89' lang='grc'>8.</span> <span class='ocrx_word' id='word_1_161' title='bbox 1794 2581 1850 2626; x_wconf 91' lang='grc'><strong>2.</strong></span> <span class='ocrx_word' id='word_1_162' title='bbox 1883 2586 1948 2650; x_wconf 88' lang='lat' dir='ltr'>p.</span> <span class='ocrx_word' id='word_1_163' title='bbox 1986 2581 2087 2649; x_wconf 86' lang='lat'>73.</span> <span class='ocrx_word' id='word_1_164' title='bbox 2127 2568 2216 2629; x_wconf 92' lang='lat' dir='ltr'><strong>A.</strong></span> 
     </span>
     <span class='ocr_line' id='line_1_21' title="bbox 523 2663 2219 2753; baseline 0.002 -27"><span class='ocrx_word' id='word_1_165' title='bbox 523 2664 660 2727; x_wconf 93' lang='lat'><strong>111.</strong></span> <span class='ocrx_word' id='word_1_166' title='bbox 690 2684 756 2749; x_wconf 85' lang='lat'>3.</span> <span class='ocrx_word' id='word_1_167' title='bbox 796 2684 863 2750; x_wconf 83' lang='lat'>3.</span> <span class='ocrx_word' id='word_1_168' title='bbox 908 2663 1056 2750; x_wconf 89' lang='lat' dir='ltr'>ibiq.</span> <span class='ocrx_word' id='word_1_169' title='bbox 1104 2679 1317 2730; x_wconf 88' lang='lat' dir='ltr'>annot.</span> <span class='ocrx_word' id='word_1_170' title='bbox 1348 2676 1411 2728; x_wconf 89' lang='lat' dir='ltr'>et</span> <span class='ocrx_word' id='word_1_171' title='bbox 1445 2665 1527 2729; x_wconf 82' lang='lat' dir='ltr'>cf.</span> <span class='ocrx_word' id='word_1_172' title='bbox 1575 2663 1742 2728; x_wconf 86' lang='lat' dir='ltr'>infra</span> <span class='ocrx_word' id='word_1_173' title='bbox 1786 2664 1901 2728; x_wconf 88' lang='lat' dir='ltr'><strong>VI.</strong></span> <span class='ocrx_word' id='word_1_174' title='bbox 1936 2685 1997 2750; x_wconf 90' lang='lat'><strong>9.</strong></span> <span class='ocrx_word' id='word_1_175' title='bbox 2045 2686 2105 2751; x_wconf 84' lang='lat'>3.</span> <span class='ocrx_word' id='word_1_176' title='bbox 2156 2690 2219 2753; x_wconf 88' lang='lat' dir='ltr'>p.</span> 
     </span>
     <span class='ocr_line' id='line_1_22' title="bbox 523 2767 2222 2856; baseline 0.003 -26"><span class='ocrx_word' id='word_1_177' title='bbox 523 2782 666 2851; x_wconf 85' lang='lat'><strong>759.</strong></span> <span class='ocrx_word' id='word_1_178' title='bbox 702 2767 789 2829; x_wconf 93' lang='lat' dir='ltr'><strong>D.</strong></span> <span class='ocrx_word' id='word_1_179' title='bbox 882 2768 1197 2831; x_wconf 68' lang='lat' dir='ltr'>Caeterum</span> <span class='ocrx_word' id='word_1_180' title='bbox 1228 2768 1339 2854; x_wconf 90' lang='lat' dir='ltr'>qui</span> <span class='ocrx_word' id='word_1_181' title='bbox 1382 2767 1529 2831; x_wconf 90' lang='lat' dir='ltr'>inde</span> <span class='ocrx_word' id='word_1_182' title='bbox 1567 2790 1606 2830; x_wconf 96' lang='lat' dir='ltr'>a</span> <span class='ocrx_word' id='word_1_183' title='bbox 1643 2768 2064 2856; x_wconf 87' lang='lat' dir='ltr'>quadraginta</span> <span class='ocrx_word' id='word_1_184' title='bbox 2092 2770 2222 2835; x_wconf 85' lang='lat' dir='ltr'>fere</span> 
     </span>
     <span class='ocr_line' id='line_1_23' title="bbox 517 2868 2221 2958; baseline 0.005 -28"><span class='ocrx_word' id='word_1_185' title='bbox 517 2868 695 2931; x_wconf 86' lang='lat' dir='ltr'>annis</span> <span class='ocrx_word' id='word_1_186' title='bbox 721 2868 1133 2955; x_wconf 68' lang='lat' dir='ltr'>philosophiae</span> <span class='ocrx_word' id='word_1_187' title='bbox 1163 2893 1276 2957; x_wconf 91' lang='lat' dir='ltr'>per</span> <span class='ocrx_word' id='word_1_188' title='bbox 1306 2869 1707 2935; x_wconf 82' lang='lat' dir='ltr'>Germaniam</span> <span class='ocrx_word' id='word_1_189' title='bbox 1740 2887 2102 2958; x_wconf 88' lang='lat' dir='ltr'>persecutus</span> <span class='ocrx_word' id='word_1_190' title='bbox 2129 2889 2221 2938; x_wconf 90' lang='lat' dir='ltr'>est</span> 
     </span>
     <span class='ocr_line' id='line_1_24' title="bbox 519 2969 2221 3059; baseline 0.005 -27"><span class='ocrx_word' id='word_1_191' title='bbox 519 2969 990 3049; x_wconf 86' lang='lat' dir='ltr'>vicissitudines,</span> <span class='ocrx_word' id='word_1_192' title='bbox 1039 2972 1090 3036; x_wconf 87' lang='lat' dir='ltr'>is</span> <span class='ocrx_word' id='word_1_193' title='bbox 1137 2971 1203 3035; x_wconf 92' lang='lat' dir='ltr'>in</span> <span class='ocrx_word' id='word_1_194' title='bbox 1254 2972 1351 3036; x_wconf 89' lang='lat' dir='ltr'>his</span> <span class='ocrx_word' id='word_1_195' title='bbox 1397 2972 1634 3037; x_wconf 92' lang='lat' dir='ltr'>Plotini</span> <span class='ocrx_word' id='word_1_196' title='bbox 1683 2972 2221 3059; x_wconf 84' lang='lat' dir='ltr'>disquisitionibus</span> 
     </span>
     <span class='ocr_line' id='line_1_25' title="bbox 518 3073 2221 3162; baseline 0.002 -26"><span class='ocrx_word' id='word_1_197' title='bbox 518 3073 750 3137; x_wconf 84' lang='lat' dir='ltr'>semina</span> <span class='ocrx_word' id='word_1_198' title='bbox 778 3073 1043 3160; x_wconf 85' lang='lat' dir='ltr'>reperiet</span> <span class='ocrx_word' id='word_1_199' title='bbox 1072 3097 1291 3138; x_wconf 85' lang='lat' dir='ltr'>eorum</span> <span class='ocrx_word' id='word_1_200' title='bbox 1331 3074 1725 3162; x_wconf 88' lang='lat' dir='ltr'>placitorum,</span> <span class='ocrx_word' id='word_1_201' title='bbox 1758 3098 1904 3161; x_wconf 83' lang='lat' dir='ltr'>quae</span> <span class='ocrx_word' id='word_1_202' title='bbox 1946 3076 2221 3141; x_wconf 90' lang='lat' dir='ltr'>Kantius</span> 
     </span>
     <span class='ocr_line' id='line_1_26' title="bbox 518 3176 2218 3262; baseline 0.003 -23"><span class='ocrx_word' id='word_1_203' title='bbox 518 3176 779 3262; x_wconf 85' lang='lat' dir='ltr'>ejusque</span> <span class='ocrx_word' id='word_1_204' title='bbox 823 3188 1175 3257; x_wconf 76' lang='lat' dir='ltr'>sectatoreS,</span> <span class='ocrx_word' id='word_1_205' title='bbox 1205 3200 1328 3242; x_wconf 94' lang='lat' dir='ltr'>non</span> <span class='ocrx_word' id='word_1_206' title='bbox 1359 3176 1647 3242; x_wconf 89' lang='lat' dir='ltr'>consulto</span> <span class='ocrx_word' id='word_1_207' title='bbox 1678 3177 1946 3257; x_wconf 91' lang='lat' dir='ltr'>Plotino,</span> <span class='ocrx_word' id='word_1_208' title='bbox 1977 3178 2040 3242; x_wconf 93' lang='lat' dir='ltr'>in</span> <span class='ocrx_word' id='word_1_209' title='bbox 2086 3203 2218 3244; x_wconf 87' lang='lat' dir='ltr'>me-</span> 
     </span>
     <span class='ocr_line' id='line_1_27' title="bbox 519 3277 1147 3365; baseline 0.005 -24"><span class='ocrx_word' id='word_1_210' title='bbox 519 3277 694 3342; x_wconf 89' lang='lat' dir='ltr'>dium</span> <span class='ocrx_word' id='word_1_211' title='bbox 725 3277 1147 3365; x_wconf 87' lang='lat' dir='ltr'>protulerunt.</span> 
     </span>
    </p>

    <p class='ocr_par' dir='ltr' id='par_1_4' title="bbox 510 3385 2222 5612">
     <span class='ocr_line' id='line_1_28' title="bbox 598 3385 2222 3473; baseline 0.004 -29"><span class='ocrx_word' id='word_1_212' title='bbox 598 3403 663 3467; x_wconf 89' lang='lat' dir='ltr'>p.</span> <span class='ocrx_word' id='word_1_213' title='bbox 702 3400 849 3462; x_wconf 87' lang='lat'>742,</span> <span class='ocrx_word' id='word_1_214' title='bbox 885 3398 944 3464; x_wconf 90' lang='lat'>7.</span> <span class='ocrx_word' id='word_1_215' title='bbox 992 3385 1089 3447; x_wconf 85' lang='grc' dir='ltr'>καὶ</span> <span class='ocrx_word' id='word_1_216' title='bbox 1117 3385 1250 3447; x_wconf 77' lang='grc' dir='ltr'>οἷον</span> <span class='ocrx_word' id='word_1_217' title='bbox 1280 3385 1677 3473; x_wconf 76' lang='grc' dir='ltr'>προκύψασα]</span> <span class='ocrx_word' id='word_1_218' title='bbox 1727 3385 1852 3463; x_wconf 82' lang='lat' dir='ltr'>Qui</span> <span class='ocrx_word' id='word_1_219' title='bbox 1901 3386 2222 3473; x_wconf 80' lang='lat' dir='ltr'>superiora</span> 
     </span>
     <span class='ocr_line' id='line_1_29' title="bbox 521 3485 2220 3575; baseline 0.002 -27"><span class='ocrx_word' id='word_1_220' title='bbox 521 3485 636 3548; x_wconf 86' lang='lat' dir='ltr'>IV.</span> <span class='ocrx_word' id='word_1_221' title='bbox 665 3503 728 3569; x_wconf 83' lang='lat'>3.</span> <span class='ocrx_word' id='word_1_222' title='bbox 767 3499 868 3568; x_wconf 85' lang='lat'>15.</span> <span class='ocrx_word' id='word_1_223' title='bbox 908 3507 974 3571; x_wconf 88' lang='lat' dir='ltr'>p.</span> <span class='ocrx_word' id='word_1_224' title='bbox 1007 3485 1160 3570; x_wconf 87' lang='lat'><strong>383.</strong></span> <span class='ocrx_word' id='word_1_225' title='bbox 1194 3487 1278 3549; x_wconf 91' lang='lat' dir='ltr'>D.</span> <span class='ocrx_word' id='word_1_226' title='bbox 1311 3486 1665 3567; x_wconf 87' lang='lat' dir='ltr'>contulerit,</span> <span class='ocrx_word' id='word_1_227' title='bbox 1710 3486 1882 3551; x_wconf 90' lang='lat' dir='ltr'>haud</span> <span class='ocrx_word' id='word_1_228' title='bbox 1922 3487 2220 3575; x_wconf 88' lang='lat' dir='ltr'>ambiget,</span> 
     </span>
     <span class='ocr_line' id='line_1_30' title="bbox 515 3585 2219 3669; baseline 0.003 -21"><span class='ocrx_word' id='word_1_229' title='bbox 515 3585 638 3651; x_wconf 88' lang='lat' dir='ltr'>illic</span> <span class='ocrx_word' id='word_1_230' title='bbox 668 3588 1014 3669; x_wconf 71' lang='grc' dir='ltr'>ἐκκύψασαι</span> <span class='ocrx_word' id='word_1_231' title='bbox 1044 3586 1226 3651; x_wconf 85' lang='lat' dir='ltr'>simili</span> <span class='ocrx_word' id='word_1_232' title='bbox 1267 3588 1571 3652; x_wconf 86' lang='lat' dir='ltr'>sententia</span> <span class='ocrx_word' id='word_1_233' title='bbox 1598 3588 1679 3653; x_wconf 91' lang='lat' dir='ltr'>de</span> <span class='ocrx_word' id='word_1_234' title='bbox 1707 3589 2036 3654; x_wconf 84' lang='lat' dir='ltr'>animabus</span> <span class='ocrx_word' id='word_1_235' title='bbox 2075 3590 2219 3668; x_wconf 92' lang='lat' dir='ltr'>dici,</span> 
     </span>
     <span class='ocr_line' id='line_1_31' title="bbox 515 3688 2215 3777; baseline 0.002 -25"><span class='ocrx_word' id='word_1_236' title='bbox 515 3688 593 3752; x_wconf 87' lang='lat' dir='ltr'>ad</span> <span class='ocrx_word' id='word_1_237' title='bbox 625 3688 918 3752; x_wconf 87' lang='lat' dir='ltr'>deorsum</span> <span class='ocrx_word' id='word_1_238' title='bbox 952 3688 1289 3753; x_wconf 87' lang='lat' dir='ltr'>labendum</span> <span class='ocrx_word' id='word_1_239' title='bbox 1335 3689 1735 3777; x_wconf 89' lang='lat' dir='ltr'>proclivibus.</span> <span class='ocrx_word' id='word_1_240' title='bbox 1813 3691 1955 3756; x_wconf 87' lang='lat' dir='ltr'>vid.</span> <span class='ocrx_word' id='word_1_241' title='bbox 1987 3691 2075 3756; x_wconf 92' lang='lat' dir='ltr'>ibi</span> <span class='ocrx_word' id='word_1_242' title='bbox 2105 3715 2215 3756; x_wconf 89' lang='lat' dir='ltr'>an-</span> 
     </span>
     <span class='ocr_line' id='line_1_32' title="bbox 516 3792 2218 3880; baseline 0.001 -25"><span class='ocrx_word' id='word_1_243' title='bbox 516 3807 641 3857; x_wconf 85' lang='lat' dir='ltr'>not.</span> <span class='ocrx_word' id='word_1_244' title='bbox 736 3792 1061 3855; x_wconf 85' lang='lat' dir='ltr'>Contraria</span> <span class='ocrx_word' id='word_1_245' title='bbox 1090 3806 1184 3856; x_wconf 86' lang='lat' dir='ltr'>est</span> <span class='ocrx_word' id='word_1_246' title='bbox 1223 3793 1528 3857; x_wconf 89' lang='lat' dir='ltr'>sententia</span> <span class='ocrx_word' id='word_1_247' title='bbox 1565 3793 1631 3856; x_wconf 92' lang='lat' dir='ltr'>in</span> <span class='ocrx_word' id='word_1_248' title='bbox 1670 3793 1926 3880; x_wconf 84' lang='lat' dir='ltr'>Lysidis</span> <span class='ocrx_word' id='word_1_249' title='bbox 1955 3793 2218 3880; x_wconf 87' lang='lat' dir='ltr'>epistola</span> 
     </span>
     <span class='ocr_line' id='line_1_33' title="bbox 517 3893 2210 3983; baseline 0.001 -24"><span class='ocrx_word' id='word_1_250' title='bbox 517 3893 750 3959; x_wconf 85' lang='lat' dir='ltr'>Dorica</span> <span class='ocrx_word' id='word_1_251' title='bbox 779 3916 884 3981; x_wconf 89' lang='lat' dir='ltr'>ap.</span> <span class='ocrx_word' id='word_1_252' title='bbox 917 3894 1332 3959; x_wconf 82' lang='lat' dir='ltr'>Iamblichum</span> <span class='ocrx_word' id='word_1_253' title='bbox 1366 3895 1446 3958; x_wconf 91' lang='lat' dir='ltr'>de</span> <span class='ocrx_word' id='word_1_254' title='bbox 1477 3894 1604 3959; x_wconf 91' lang='lat' dir='ltr'>Vit.</span> <span class='ocrx_word' id='word_1_255' title='bbox 1639 3895 2083 3983; x_wconf 83' lang='lat' dir='ltr'><strong>Pyth.xV11.</strong></span> <span class='ocrx_word' id='word_1_256' title='bbox 2110 3914 2210 3979; x_wconf 86' lang='lat'>77.</span> 
     </span>
     <span class='ocr_line' id='line_1_34' title="bbox 515 3997 2212 4084; baseline 0.001 -24"><span class='ocrx_word' id='word_1_257' title='bbox 515 4018 578 4082; x_wconf 88' lang='lat' dir='ltr'>p.</span> <span class='ocrx_word' id='word_1_258' title='bbox 611 3998 721 4074; x_wconf 89' lang='lat'>64.</span> <span class='ocrx_word' id='word_1_259' title='bbox 755 3997 948 4060; x_wconf 85' lang='lat' dir='ltr'>Kust.</span> <span class='ocrx_word' id='word_1_260' title='bbox 975 4018 1041 4084; x_wconf 87' lang='lat' dir='ltr'>p.</span> <span class='ocrx_word' id='word_1_261' title='bbox 1075 3999 1217 4061; x_wconf 93' lang='lat'><strong>166.</strong></span> <span class='ocrx_word' id='word_1_262' title='bbox 1273 3997 1490 4061; x_wconf 84' lang='lat' dir='ltr'>Kiessl.</span> <span class='ocrx_word' id='word_1_263' title='bbox 1533 4000 1772 4062; x_wconf 84' lang='grc' dir='ltr'>πυκιναὶ</span> <span class='ocrx_word' id='word_1_264' title='bbox 1805 4001 1922 4080; x_wconf 74' lang='grc' dir='ltr'>γὰρ</span> <span class='ocrx_word' id='word_1_265' title='bbox 1965 3999 2060 4062; x_wconf 87' lang='grc' dir='ltr'>καὶ</span> <span class='ocrx_word' id='word_1_266' title='bbox 2102 3998 2212 4062; x_wconf 86' lang='grc' dir='ltr'>λά-</span> 
     </span>
     <span class='ocr_line' id='line_1_35' title="bbox 516 4098 2210 4183; baseline 0.002 -22"><span class='ocrx_word' id='word_1_267' title='bbox 516 4124 641 4163; x_wconf 89' lang='grc' dir='ltr'>σιαι</span> <span class='ocrx_word' id='word_1_268' title='bbox 668 4101 899 4182; x_wconf 86' lang='grc' dir='ltr'>λόχμαι</span> <span class='ocrx_word' id='word_1_269' title='bbox 926 4098 1062 4181; x_wconf 85' lang='grc' dir='ltr'>περὶ</span> <span class='ocrx_word' id='word_1_270' title='bbox 1090 4102 1195 4166; x_wconf 74' lang='grc' dir='ltr'>τὰς</span> <span class='ocrx_word' id='word_1_271' title='bbox 1221 4100 1446 4182; x_wconf 79' lang='grc' dir='ltr'>φρένας</span> <span class='ocrx_word' id='word_1_272' title='bbox 1473 4102 1570 4165; x_wconf 83' lang='grc' dir='ltr'>καὶ</span> <span class='ocrx_word' id='word_1_273' title='bbox 1607 4104 1719 4165; x_wconf 76' lang='grc' dir='ltr'>τὰν</span> <span class='ocrx_word' id='word_1_274' title='bbox 1750 4103 1994 4183; x_wconf 82' lang='grc' dir='ltr'>καρδίαν</span> <span class='ocrx_word' id='word_1_275' title='bbox 2021 4102 2210 4182; x_wconf 80' lang='grc' dir='ltr'>πεφύ-</span> 
     </span>
     <span class='ocr_line' id='line_1_36' title="bbox 518 4201 2212 4284; baseline 0.001 -18"><span class='ocrx_word' id='word_1_276' title='bbox 518 4226 682 4266; x_wconf 81' lang='grc' dir='ltr'>καντι</span> <span class='ocrx_word' id='word_1_277' title='bbox 710 4207 830 4265; x_wconf 84' lang='grc' dir='ltr'>τῶν</span> <span class='ocrx_word' id='word_1_278' title='bbox 849 4201 929 4280; x_wconf 77' lang='grc' dir='ltr'>μὴ</span> <span class='ocrx_word' id='word_1_279' title='bbox 955 4206 1217 4283; x_wconf 80' lang='grc' dir='ltr'>καθαρῶς</span> <span class='ocrx_word' id='word_1_280' title='bbox 1232 4208 1355 4269; x_wconf 82' lang='grc' dir='ltr'>τοῖς</span> <span class='ocrx_word' id='word_1_281' title='bbox 1383 4202 1726 4282; x_wconf 85' lang='grc' dir='ltr'>μαθήμασιν</span> <span class='ocrx_word' id='word_1_282' title='bbox 1747 4201 2212 4284; x_wconf 78' lang='grc' dir='ltr'>ὀργιασθέντων,</span> 
     </span>
     <span class='ocr_line' id='line_1_37' title="bbox 513 4301 2213 4387; baseline 0 -19"><span class='ocrx_word' id='word_1_283' title='bbox 513 4308 632 4368; x_wconf 68' lang='grc' dir='ltr'>πᾶν</span> <span class='ocrx_word' id='word_1_284' title='bbox 658 4303 730 4366; x_wconf 81' lang='grc' dir='ltr'>τὸ</span> <span class='ocrx_word' id='word_1_285' title='bbox 768 4301 991 4385; x_wconf 80' lang='grc' dir='ltr'>ἅμερον</span> <span class='ocrx_word' id='word_1_286' title='bbox 1023 4305 1118 4368; x_wconf 87' lang='grc' dir='ltr'>καὶ</span> <span class='ocrx_word' id='word_1_287' title='bbox 1156 4308 1350 4387; x_wconf 76' lang='grc' dir='ltr'>πρᾷον</span> <span class='ocrx_word' id='word_1_288' title='bbox 1396 4304 1490 4368; x_wconf 88' lang='grc' dir='ltr'>καὶ</span> <span class='ocrx_word' id='word_1_289' title='bbox 1532 4304 1880 4386; x_wconf 82' lang='grc' dir='ltr'>λογιστικὸν</span> <span class='ocrx_word' id='word_1_290' title='bbox 1923 4310 2054 4371; x_wconf 82' lang='grc' dir='ltr'>ταῖς</span> <span class='ocrx_word' id='word_1_291' title='bbox 2092 4312 2213 4387; x_wconf 81' lang='grc' dir='ltr'><strong><em>ψ-υ-</em></strong></span> 
     </span>
     <span class='ocr_line' id='line_1_38' title="bbox 513 4405 2216 4490; baseline -0.001 -20"><span class='ocrx_word' id='word_1_292' title='bbox 513 4411 648 4490; x_wconf 84' lang='grc' dir='ltr'>χαῖς</span> <span class='ocrx_word' id='word_1_293' title='bbox 705 4405 1149 4481; x_wconf 65' lang='grc' dir='ltr'>ἐπισκιάζουσα</span> <span class='ocrx_word' id='word_1_294' title='bbox 1198 4408 1293 4470; x_wconf 85' lang='grc' dir='ltr'>καὶ</span> <span class='ocrx_word' id='word_1_295' title='bbox 1344 4407 1677 4471; x_wconf 85' lang='grc' dir='ltr'>κωλύουσαι</span> <span class='ocrx_word' id='word_1_296' title='bbox 1731 4412 2054 4490; x_wconf 80' lang='grc' dir='ltr'>προφανῶς</span> <span class='ocrx_word' id='word_1_297' title='bbox 2104 4409 2216 4486; x_wconf 74' lang='grc' dir='ltr'>μὲν</span> 
     </span>
     <span class='ocr_line' id='line_1_39' title="bbox 514 4507 2211 4590; baseline -0.001 -19"><span class='ocrx_word' id='word_1_298' title='bbox 514 4509 844 4588; x_wconf 73' lang='grc' dir='ltr'>αὐξηθῆμεν</span> <span class='ocrx_word' id='word_1_299' title='bbox 894 4508 989 4571; x_wconf 80' lang='grc' dir='ltr'>καὶ</span> <span class='ocrx_word' id='word_1_300' title='bbox 1028 4510 1337 4590; x_wconf 78' lang='grc' dir='ltr'>προκύψαι</span> <span class='ocrx_word' id='word_1_301' title='bbox 1400 4507 1468 4571; x_wconf 81' lang='grc' dir='ltr'>τὸ</span> <span class='ocrx_word' id='word_1_302' title='bbox 1522 4510 1813 4588; x_wconf 84' lang='grc' dir='ltr'>νοητικόν.</span> <span class='ocrx_word' id='word_1_303' title='bbox 1908 4508 2040 4573; x_wconf 88' lang='lat' dir='ltr'>Ubi</span> <span class='ocrx_word' id='word_1_304' title='bbox 2086 4508 2211 4572; x_wconf 86' lang='lat' dir='ltr'>vid.</span> 
     </span>
     <span class='ocr_line' id='line_1_40' title="bbox 517 4608 2211 4698; baseline 0 -25"><span class='ocrx_word' id='word_1_305' title='bbox 517 4610 774 4674; x_wconf 81' lang='lat' dir='ltr'>Kuster.</span> <span class='ocrx_word' id='word_1_306' title='bbox 807 4627 872 4673; x_wconf 89' lang='lat' dir='ltr'>et</span> <span class='ocrx_word' id='word_1_307' title='bbox 918 4608 1257 4696; x_wconf 84' lang='lat' dir='ltr'>Kiessling.</span> <span class='ocrx_word' id='word_1_308' title='bbox 1346 4611 1452 4674; x_wconf 87' lang='lat' dir='ltr'>Ex</span> <span class='ocrx_word' id='word_1_309' title='bbox 1492 4609 1665 4674; x_wconf 90' lang='lat' dir='ltr'>libris</span> <span class='ocrx_word' id='word_1_310' title='bbox 1708 4612 1905 4675; x_wconf 88' lang='lat' dir='ltr'><strong>MSS.</strong></span> <span class='ocrx_word' id='word_1_311' title='bbox 1940 4633 2211 4698; x_wconf 88' lang='lat' dir='ltr'>quorum</span> 
     </span>
     <span class='ocr_line' id='line_1_41' title="bbox 515 4711 2213 4797; baseline 0.002 -24"><span class='ocrx_word' id='word_1_312' title='bbox 515 4734 678 4776; x_wconf 86' lang='lat' dir='ltr'>varr.</span> <span class='ocrx_word' id='word_1_313' title='bbox 721 4711 893 4775; x_wconf 90' lang='lat' dir='ltr'>lectt.</span> <span class='ocrx_word' id='word_1_314' title='bbox 925 4733 1118 4797; x_wconf 89' lang='lat' dir='ltr'>penes</span> <span class='ocrx_word' id='word_1_315' title='bbox 1159 4734 1259 4775; x_wconf 88' lang='lat' dir='ltr'>me</span> <span class='ocrx_word' id='word_1_316' title='bbox 1300 4726 1468 4790; x_wconf 84' lang='lat' dir='ltr'>sunt,</span> <span class='ocrx_word' id='word_1_317' title='bbox 1495 4712 1766 4777; x_wconf 89' lang='lat' dir='ltr'>Vindob.</span> <span class='ocrx_word' id='word_1_318' title='bbox 1801 4729 1864 4777; x_wconf 89' lang='lat' dir='ltr'>et</span> <span class='ocrx_word' id='word_1_319' title='bbox 1907 4715 2087 4776; x_wconf 92' lang='lat' dir='ltr'>Mon.</span> <span class='ocrx_word' id='word_1_320' title='bbox 2133 4714 2213 4777; x_wconf 90' lang='lat' dir='ltr'>B.</span> 
     </span>
     <span class='ocr_line' id='line_1_42' title="bbox 513 4811 2215 4897; baseline 0.001 -21"><span class='ocrx_word' id='word_1_321' title='bbox 513 4815 715 4897; x_wconf 80' lang='grc' dir='ltr'>λόχμα</span> <span class='ocrx_word' id='word_1_322' title='bbox 764 4811 1022 4888; x_wconf 86' lang='lat' dir='ltr'>vitiose;</span> <span class='ocrx_word' id='word_1_323' title='bbox 1101 4813 1352 4878; x_wconf 88' lang='lat' dir='ltr'>Deinde</span> <span class='ocrx_word' id='word_1_324' title='bbox 1408 4813 1572 4878; x_wconf 89' lang='lat' dir='ltr'>idem</span> <span class='ocrx_word' id='word_1_325' title='bbox 1629 4815 1822 4878; x_wconf 90' lang='lat' dir='ltr'>Vind.</span> <span class='ocrx_word' id='word_1_326' title='bbox 1889 4814 2215 4878; x_wconf 87' lang='lat' dir='ltr'>confirmat</span> 
     </span>
     <span class='ocr_line' id='line_1_43' title="bbox 514 4916 2208 5004; baseline 0.001 -25"><span class='ocrx_word' id='word_1_327' title='bbox 514 4917 863 4998; x_wconf 75' lang='grc' dir='ltr'>πεφύκαντι.</span> <span class='ocrx_word' id='word_1_328' title='bbox 979 4916 1156 4980; x_wconf 90' lang='lat' dir='ltr'>Tum</span> <span class='ocrx_word' id='word_1_329' title='bbox 1196 4918 1419 4998; x_wconf 76' lang='grc' dir='ltr'>ἅμερον</span> <span class='ocrx_word' id='word_1_330' title='bbox 1468 4919 1651 4980; x_wconf 92' lang='lat' dir='ltr'>Mon.</span> <span class='ocrx_word' id='word_1_331' title='bbox 1706 4919 1790 4980; x_wconf 92' lang='lat' dir='ltr'>A.</span> <span class='ocrx_word' id='word_1_332' title='bbox 1843 4937 2208 5004; x_wconf 78' lang='lat' dir='ltr'>perperam3</span> 
     </span>
     <span class='ocr_line' id='line_1_44' title="bbox 513 5014 2215 5101; baseline 0.003 -24"><span class='ocrx_word' id='word_1_333' title='bbox 513 5036 623 5078; x_wconf 84' lang='lat' dir='ltr'>nec</span> <span class='ocrx_word' id='word_1_334' title='bbox 667 5014 890 5079; x_wconf 85' lang='lat' dir='ltr'>melius</span> <span class='ocrx_word' id='word_1_335' title='bbox 932 5014 1100 5079; x_wconf 88' lang='lat' dir='ltr'>idem</span> <span class='ocrx_word' id='word_1_336' title='bbox 1145 5028 1208 5080; x_wconf 90' lang='lat' dir='ltr'>et</span> <span class='ocrx_word' id='word_1_337' title='bbox 1253 5018 1517 5080; x_wconf 85' lang='lat' dir='ltr'>Memm.</span> <span class='ocrx_word' id='word_1_338' title='bbox 1560 5022 1666 5085; x_wconf 83' lang='grc' dir='ltr'>τᾶς</span> <span class='ocrx_word' id='word_1_339' title='bbox 1707 5017 1934 5101; x_wconf 78' lang='grc' dir='ltr'>ψυχάς.</span> <span class='ocrx_word' id='word_1_340' title='bbox 2013 5020 2215 5082; x_wconf 82' lang='grc' dir='ltr'>Ροιτο</span> 
     </span>
     <span class='ocr_line' id='line_1_45' title="bbox 512 5116 2209 5199; baseline 0.003 -18"><span class='ocrx_word' id='word_1_341' title='bbox 512 5138 723 5181; x_wconf 83' lang='lat' dir='ltr'>omnes</span> <span class='ocrx_word' id='word_1_342' title='bbox 752 5116 872 5180; x_wconf 87' lang='lat' dir='ltr'>mei</span> <span class='ocrx_word' id='word_1_343' title='bbox 905 5124 1225 5199; x_wconf 80' lang='grc' dir='ltr'>προφανῶς</span> <span class='ocrx_word' id='word_1_344' title='bbox 1253 5118 1603 5199; x_wconf 78' lang='grc' dir='ltr'>αὐξηθῆμεν,</span> <span class='ocrx_word' id='word_1_345' title='bbox 1629 5119 1856 5183; x_wconf 87' lang='lat' dir='ltr'>omisso</span> <span class='ocrx_word' id='word_1_346' title='bbox 1870 5120 2000 5198; x_wconf 80' lang='grc' dir='ltr'>μέν.</span> <span class='ocrx_word' id='word_1_347' title='bbox 2077 5122 2209 5186; x_wconf 88' lang='lat' dir='ltr'>De·</span> 
     </span>
     <span class='ocr_line' id='line_1_46' title="bbox 512 5218 2211 5311; baseline 0.002 -29"><span class='ocrx_word' id='word_1_348' title='bbox 512 5219 701 5306; x_wconf 88' lang='lat' dir='ltr'>nique</span> <span class='ocrx_word' id='word_1_349' title='bbox 728 5218 919 5282; x_wconf 88' lang='lat' dir='ltr'>iidem</span> <span class='ocrx_word' id='word_1_350' title='bbox 944 5219 1011 5282; x_wconf 86' lang='grc' dir='ltr'>τὸ</span> <span class='ocrx_word' id='word_1_351' title='bbox 1035 5220 1331 5294; x_wconf 85' lang='grc' dir='ltr'>νοτιακὸν,</span> <span class='ocrx_word' id='word_1_352' title='bbox 1356 5243 1470 5306; x_wconf 90' lang='lat' dir='ltr'>pro</span> <span class='ocrx_word' id='word_1_353' title='bbox 1495 5244 1627 5308; x_wconf 89' lang='lat' dir='ltr'>quo</span> <span class='ocrx_word' id='word_1_354' title='bbox 1657 5220 1993 5308; x_wconf 84' lang='lat' dir='ltr'>Kiessling.</span> <span class='ocrx_word' id='word_1_355' title='bbox 2021 5222 2211 5311; x_wconf 90' lang='lat' dir='ltr'>scrip-</span> 
     </span>
     <span class='ocr_line' id='line_1_47' title="bbox 514 5319 2209 5388; baseline 0.003 -4"><span class='ocrx_word' id='word_1_356' title='bbox 514 5335 646 5385; x_wconf 85' lang='lat' dir='ltr'>tum</span> <span class='ocrx_word' id='word_1_357' title='bbox 677 5319 820 5384; x_wconf 86' lang='lat' dir='ltr'>vult</span> <span class='ocrx_word' id='word_1_358' title='bbox 858 5323 1153 5386; x_wconf 85' lang='grc' dir='ltr'>νοατικόν.</span> <span class='ocrx_word' id='word_1_359' title='bbox 1244 5323 1408 5385; x_wconf 86' lang='lat' dir='ltr'>Mox</span> <span class='ocrx_word' id='word_1_360' title='bbox 1448 5320 1510 5385; x_wconf 95' lang='lat' dir='ltr'>in</span> <span class='ocrx_word' id='word_1_361' title='bbox 1564 5321 1701 5387; x_wconf 90' lang='lat' dir='ltr'>loco</span> <span class='ocrx_word' id='word_1_362' title='bbox 1737 5323 1972 5388; x_wconf 86' lang='lat' dir='ltr'>Plotini</span> <span class='ocrx_word' id='word_1_363' title='bbox 2021 5323 2209 5388; x_wconf 90' lang='lat' dir='ltr'>libro-</span> 
     </span>
     <span class='ocr_line' id='line_1_48' title="bbox 512 5421 2215 5511; baseline 0.001 -25"><span class='ocrx_word' id='word_1_364' title='bbox 512 5445 650 5487; x_wconf 88' lang='lat' dir='ltr'>rum</span> <span class='ocrx_word' id='word_1_365' title='bbox 678 5422 924 5511; x_wconf 81' lang='lat' dir='ltr'>aliquot</span> <span class='ocrx_word' id='word_1_366' title='bbox 950 5421 1134 5487; x_wconf 85' lang='lat' dir='ltr'>lectio</span> <span class='ocrx_word' id='word_1_367' title='bbox 1159 5448 1174 5487; x_wconf 72' lang='grc' dir='ltr'>ε</span> <span class='ocrx_word' id='word_1_368' title='bbox 1222 5423 1474 5504; x_wconf 84' lang='grc' dir='ltr'>μνήμην,</span> <span class='ocrx_word' id='word_1_369' title='bbox 1507 5426 1583 5492; x_wconf 80' lang='grc' dir='ltr'>ὣς</span> <span class='ocrx_word' id='word_1_370' title='bbox 1613 5425 1791 5504; x_wconf 82' lang='grc' dir='ltr'>ἔοικε,</span> <span class='ocrx_word' id='word_1_371' title='bbox 1821 5428 2035 5508; x_wconf 73' lang='grc' dir='ltr'>ἐφεξῆς</span> <span class='ocrx_word' id='word_1_372' title='bbox 2062 5433 2215 5505; x_wconf 86' lang='grc' dir='ltr'>λαμ-</span> 
     </span>
     <span class='ocr_line' id='line_1_49' title="bbox 510 5524 2220 5612; baseline 0.001 -23"><span class='ocrx_word' id='word_1_373' title='bbox 510 5525 704 5603; x_wconf 82' lang='grc' dir='ltr'>βάνει,</span> <span class='ocrx_word' id='word_1_374' title='bbox 737 5524 945 5590; x_wconf 82' lang='lat' dir='ltr'>nescio</span> <span class='ocrx_word' id='word_1_375' title='bbox 986 5525 1327 5612; x_wconf 90' lang='lat' dir='ltr'>quomodo,</span> <span class='ocrx_word' id='word_1_376' title='bbox 1357 5525 1703 5592; x_wconf 77' lang='lat' dir='ltr'>blanditur.</span> <span class='ocrx_word' id='word_1_377' title='bbox 1797 5525 1922 5590; x_wconf 86' lang='lat' dir='ltr'>Sed</span> <span class='ocrx_word' id='word_1_378' title='bbox 1961 5525 2220 5591; x_wconf 87' lang='lat' dir='ltr'>Ficinus</span> 
     </span>
    </p>
   </div>
   <div class='ocr_carea' id='block_1_3' title="bbox 2299 711 4019 5611">
    <p class='ocr_par' dir='ltr' id='par_1_5' title="bbox 2308 711 4012 901">
     <span class='ocr_line' id='line_1_50' title="bbox 2308 711 4012 799; baseline 0.001 -21"><span class='ocrx_word' id='word_1_379' title='bbox 2308 712 2494 778; x_wconf 85' lang='lat' dir='ltr'>etiam</span> <span class='ocrx_word' id='word_1_380' title='bbox 2525 712 2851 799; x_wconf 79' lang='lat' dir='ltr'>vulgatam</span> <span class='ocrx_word' id='word_1_381' title='bbox 2879 712 3158 777; x_wconf 89' lang='lat' dir='ltr'>retinuit.</span> <span class='ocrx_word' id='word_1_382' title='bbox 3237 711 3829 778; x_wconf 85' lang='lat' dir='ltr'>PosteaeVaticano</span> <span class='ocrx_word' id='word_1_383' title='bbox 3849 713 4012 779; x_wconf 83' lang='lat' dir='ltr'>libro</span> 
     </span>
     <span class='ocr_line' id='line_1_51' title="bbox 2308 814 3797 901; baseline -0.001 -21"><span class='ocrx_word' id='word_1_384' title='bbox 2308 831 2371 880; x_wconf 87' lang='lat' dir='ltr'>et</span> <span class='ocrx_word' id='word_1_385' title='bbox 2403 818 2612 880; x_wconf 87' lang='lat' dir='ltr'>Marc.</span> <span class='ocrx_word' id='word_1_386' title='bbox 2645 818 2735 879; x_wconf 95' lang='lat' dir='ltr'>A.</span> <span class='ocrx_word' id='word_1_387' title='bbox 2766 814 2981 879; x_wconf 81' lang='lat' dir='ltr'>addidi</span> <span class='ocrx_word' id='word_1_388' title='bbox 3012 821 3130 879; x_wconf 90' lang='grc' dir='ltr'>τῶν</span> <span class='ocrx_word' id='word_1_389' title='bbox 3159 829 3304 878; x_wconf 87' lang='lat' dir='ltr'>ante</span> <span class='ocrx_word' id='word_1_390' title='bbox 3335 816 3404 877; x_wconf 76' lang='grc' dir='ltr'>ἐν</span> <span class='ocrx_word' id='word_1_391' title='bbox 3431 818 3512 901; x_wconf 73' lang='grc' dir='ltr'>τῷ</span> <span class='ocrx_word' id='word_1_392' title='bbox 3539 814 3797 901; x_wconf 67' lang='grc' dir='ltr'>οὐρανῷ.</span> 
     </span>
    </p>

    <p class='ocr_par' dir='ltr' id='par_1_6' title="bbox 2305 916 4018 2932">
     <span class='ocr_line' id='line_1_52' title="bbox 2392 916 4010 1002; baseline -0.001 -20"><span class='ocrx_word' id='word_1_393' title='bbox 2392 956 2482 967; x_wconf 94' lang='lat'>—</span> <span class='ocrx_word' id='word_1_394' title='bbox 2517 935 2616 1001; x_wconf 78' lang='lat'>17.</span> <span class='ocrx_word' id='word_1_395' title='bbox 2666 920 2823 981; x_wconf 85' lang='grc' dir='ltr'>ὥστε</span> <span class='ocrx_word' id='word_1_396' title='bbox 2849 918 2930 997; x_wconf 77' lang='grc' dir='ltr'>μὴ</span> <span class='ocrx_word' id='word_1_397' title='bbox 2961 922 3219 981; x_wconf 80' lang='grc' dir='ltr'>διελθεῖν</span> <span class='ocrx_word' id='word_1_398' title='bbox 3250 920 3332 984; x_wconf 86' lang='grc' dir='ltr'>είς</span> <span class='ocrx_word' id='word_1_399' title='bbox 3362 917 3591 1002; x_wconf 82' lang='grc' dir='ltr'>αὐτήν.]</span> <span class='ocrx_word' id='word_1_400' title='bbox 3644 918 3733 981; x_wconf 91' lang='grc' dir='ltr'><strong>Η.</strong></span> <span class='ocrx_word' id='word_1_401' title='bbox 3759 916 3801 980; x_wconf 95' lang='lat' dir='ltr'><strong>l.</strong></span> <span class='ocrx_word' id='word_1_402' title='bbox 3836 916 4010 980; x_wconf 87' lang='lat' dir='ltr'>vide-</span> 
     </span>
     <span class='ocr_line' id='line_1_53' title="bbox 2311 1019 4010 1108; baseline -0.001 -23"><span class='ocrx_word' id='word_1_403' title='bbox 2311 1035 2416 1086; x_wconf 90' lang='lat' dir='ltr'>tur</span> <span class='ocrx_word' id='word_1_404' title='bbox 2442 1020 2780 1108; x_wconf 89' lang='lat' dir='ltr'>legendum</span> <span class='ocrx_word' id='word_1_405' title='bbox 2830 1024 2912 1087; x_wconf 74' lang='grc' dir='ltr'>είς</span> <span class='ocrx_word' id='word_1_406' title='bbox 2950 1020 3113 1094; x_wconf 78' lang='grc' dir='ltr'>αὐτὸ,</span> <span class='ocrx_word' id='word_1_407' title='bbox 3146 1019 3319 1106; x_wconf 92' lang='lat' dir='ltr'>quod</span> <span class='ocrx_word' id='word_1_408' title='bbox 3357 1021 3562 1084; x_wconf 87' lang='lat' dir='ltr'>visum</span> <span class='ocrx_word' id='word_1_409' title='bbox 3602 1020 3789 1085; x_wconf 84' lang='lat' dir='ltr'>etiam</span> <span class='ocrx_word' id='word_1_410' title='bbox 3830 1021 4010 1107; x_wconf 85' lang='lat' dir='ltr'>Tay·</span> 
     </span>
     <span class='ocr_line' id='line_1_54' title="bbox 2307 1121 4011 1204; baseline -0.002 -14"><span class='ocrx_word' id='word_1_411' title='bbox 2307 1125 2442 1190; x_wconf 91' lang='lat' dir='ltr'>loro</span> <span class='ocrx_word' id='word_1_412' title='bbox 2469 1139 2584 1204; x_wconf 89' lang='lat' dir='ltr'>est,</span> <span class='ocrx_word' id='word_1_413' title='bbox 2612 1124 2708 1187; x_wconf 92' lang='lat' dir='ltr'>vel</span> <span class='ocrx_word' id='word_1_414' title='bbox 2746 1122 3082 1186; x_wconf 88' lang='lat' dir='ltr'>delendum</span> <span class='ocrx_word' id='word_1_415' title='bbox 3116 1125 3218 1200; x_wconf 79' lang='grc' dir='ltr'>εἰς,</span> <span class='ocrx_word' id='word_1_416' title='bbox 3253 1137 3323 1185; x_wconf 92' lang='lat' dir='ltr'>ut</span> <span class='ocrx_word' id='word_1_417' title='bbox 3366 1123 3548 1203; x_wconf 75' lang='grc' dir='ltr'>αὐτὴν</span> <span class='ocrx_word' id='word_1_418' title='bbox 3580 1122 3886 1187; x_wconf 89' lang='lat' dir='ltr'>referatur</span> <span class='ocrx_word' id='word_1_419' title='bbox 3927 1121 4011 1186; x_wconf 88' lang='lat' dir='ltr'>ad</span> 
     </span>
     <span class='ocr_line' id='line_1_55' title="bbox 2308 1224 4014 1312; baseline -0.002 -21"><span class='ocrx_word' id='word_1_420' title='bbox 2308 1227 2576 1292; x_wconf 87' lang='lat' dir='ltr'>animam</span> <span class='ocrx_word' id='word_1_421' title='bbox 2617 1227 2871 1309; x_wconf 76' lang='grc' dir='ltr'>(ψυχὴν)</span> <span class='ocrx_word' id='word_1_422' title='bbox 2909 1240 2973 1290; x_wconf 89' lang='lat' dir='ltr'>et</span> <span class='ocrx_word' id='word_1_423' title='bbox 3000 1224 3310 1311; x_wconf 83' lang='lat' dir='ltr'>cogitetur</span> <span class='ocrx_word' id='word_1_424' title='bbox 3341 1228 3424 1292; x_wconf 73' lang='grc' dir='ltr'>εἰς</span> <span class='ocrx_word' id='word_1_425' title='bbox 3452 1227 3613 1290; x_wconf 78' lang='grc' dir='ltr'>αὐτό.</span> <span class='ocrx_word' id='word_1_426' title='bbox 3701 1228 3862 1290; x_wconf 85' lang='lat' dir='ltr'>Mox</span> <span class='ocrx_word' id='word_1_427' title='bbox 3894 1246 4014 1312; x_wconf 83' lang='lat' dir='ltr'>pro</span> 
     </span>
     <span class='ocr_line' id='line_1_56' title="bbox 2312 1326 4013 1413; baseline -0.002 -19"><span class='ocrx_word' id='word_1_428' title='bbox 2312 1334 2394 1398; x_wconf 84' lang='grc' dir='ltr'>εἷς</span> <span class='ocrx_word' id='word_1_429' title='bbox 2439 1334 2515 1393; x_wconf 74' lang='grc' dir='ltr'>τὰ</span> <span class='ocrx_word' id='word_1_430' title='bbox 2556 1331 2691 1411; x_wconf 90' lang='grc' dir='ltr'>τρία</span> <span class='ocrx_word' id='word_1_431' title='bbox 2729 1328 2929 1392; x_wconf 86' lang='lat' dir='ltr'>eidem</span> <span class='ocrx_word' id='word_1_432' title='bbox 2977 1327 3234 1392; x_wconf 89' lang='lat' dir='ltr'>Ficinus</span> <span class='ocrx_word' id='word_1_433' title='bbox 3274 1326 3492 1413; x_wconf 84' lang='lat' dir='ltr'>legisse</span> <span class='ocrx_word' id='word_1_434' title='bbox 3520 1327 3772 1392; x_wconf 90' lang='lat' dir='ltr'>videtur</span> <span class='ocrx_word' id='word_1_435' title='bbox 3812 1331 3895 1395; x_wconf 77' lang='grc' dir='ltr'>εἰς</span> <span class='ocrx_word' id='word_1_436' title='bbox 3937 1330 4013 1391; x_wconf 74' lang='grc' dir='ltr'>τὰ</span> 
     </span>
     <span class='ocr_line' id='line_1_57' title="bbox 2309 1428 4013 1516; baseline -0.002 -22"><span class='ocrx_word' id='word_1_437' title='bbox 2309 1437 2638 1494; x_wconf 79' lang='grc' dir='ltr'>τελευταῖα.</span> <span class='ocrx_word' id='word_1_438' title='bbox 2731 1432 3023 1494; x_wconf 85' lang='lat' dir='ltr'>Fortasse</span> <span class='ocrx_word' id='word_1_439' title='bbox 3075 1433 3158 1497; x_wconf 76' lang='grc' dir='ltr'>εἰς</span> <span class='ocrx_word' id='word_1_440' title='bbox 3200 1433 3275 1493; x_wconf 81' lang='grc' dir='ltr'><em>τᾶ</em></span> <span class='ocrx_word' id='word_1_441' title='bbox 3318 1430 3486 1512; x_wconf 86' lang='grc' dir='ltr'>τρίτα</span> <span class='ocrx_word' id='word_1_442' title='bbox 3522 1430 3765 1516; x_wconf 87' lang='lat' dir='ltr'>scripsit</span> <span class='ocrx_word' id='word_1_443' title='bbox 3811 1428 4013 1494; x_wconf 85' lang='lat' dir='ltr'>Ploti-</span> 
     </span>
     <span class='ocr_line' id='line_1_58' title="bbox 2308 1533 4018 1621; baseline -0.002 -23"><span class='ocrx_word' id='word_1_444' title='bbox 2308 1557 2452 1612; x_wconf 82' lang='lat' dir='ltr'>nuS,</span> <span class='ocrx_word' id='word_1_445' title='bbox 2483 1535 2530 1599; x_wconf 92' lang='lat' dir='ltr'>si</span> <span class='ocrx_word' id='word_1_446' title='bbox 2562 1535 2815 1621; x_wconf 85' lang='lat' dir='ltr'>cogites,</span> <span class='ocrx_word' id='word_1_447' title='bbox 2846 1533 3204 1597; x_wconf 89' lang='lat' dir='ltr'>Marsilium</span> <span class='ocrx_word' id='word_1_448' title='bbox 3238 1554 3363 1596; x_wconf 93' lang='lat' dir='ltr'>non</span> <span class='ocrx_word' id='word_1_449' title='bbox 3396 1554 3850 1618; x_wconf 87' lang='lat' dir='ltr'>usquequaque</span> <span class='ocrx_word' id='word_1_450' title='bbox 3880 1552 4018 1594; x_wconf 89' lang='lat' dir='ltr'>ver-</span> 
     </span>
     <span class='ocr_line' id='line_1_59' title="bbox 2310 1634 4012 1721; baseline -0.002 -20"><span class='ocrx_word' id='word_1_451' title='bbox 2310 1638 2460 1701; x_wconf 90' lang='lat' dir='ltr'>bum</span> <span class='ocrx_word' id='word_1_452' title='bbox 2493 1637 2685 1700; x_wconf 89' lang='lat' dir='ltr'>verbo</span> <span class='ocrx_word' id='word_1_453' title='bbox 2714 1635 2973 1699; x_wconf 88' lang='lat' dir='ltr'>reddere</span> <span class='ocrx_word' id='word_1_454' title='bbox 3001 1634 3218 1715; x_wconf 88' lang='lat' dir='ltr'>solere,</span> <span class='ocrx_word' id='word_1_455' title='bbox 3248 1649 3319 1698; x_wconf 94' lang='lat' dir='ltr'>ut</span> <span class='ocrx_word' id='word_1_456' title='bbox 3340 1634 3604 1721; x_wconf 87' lang='lat' dir='ltr'>proinde</span> <span class='ocrx_word' id='word_1_457' title='bbox 3632 1637 3708 1698; x_wconf 79' lang='grc' dir='ltr'>τᾶ</span> <span class='ocrx_word' id='word_1_458' title='bbox 3736 1636 3904 1716; x_wconf 87' lang='grc' dir='ltr'>τρίτα</span> <span class='ocrx_word' id='word_1_459' title='bbox 3930 1654 4012 1697; x_wconf 81' lang='lat' dir='ltr'>ex</span> 
     </span>
     <span class='ocr_line' id='line_1_60' title="bbox 2310 1735 4015 1825; baseline -0.003 -21"><span class='ocrx_word' id='word_1_460' title='bbox 2310 1740 2564 1804; x_wconf 90' lang='lat' dir='ltr'>rationis</span> <span class='ocrx_word' id='word_1_461' title='bbox 2612 1737 2983 1803; x_wconf 83' lang='lat' dir='ltr'>Plotinianae</span> <span class='ocrx_word' id='word_1_462' title='bbox 3012 1737 3222 1802; x_wconf 91' lang='lat' dir='ltr'>indole</span> <span class='ocrx_word' id='word_1_463' title='bbox 3264 1738 3545 1825; x_wconf 87' lang='lat' dir='ltr'>accipere</span> <span class='ocrx_word' id='word_1_464' title='bbox 3582 1735 3861 1824; x_wconf 89' lang='lat' dir='ltr'>potuerit</span> <span class='ocrx_word' id='word_1_465' title='bbox 3896 1758 4015 1823; x_wconf 88' lang='lat' dir='ltr'>pro</span> 
     </span>
     <span class='ocr_line' id='line_1_61' title="bbox 2307 1837 4014 1930; baseline -0.003 -24"><span class='ocrx_word' id='word_1_466' title='bbox 2307 1840 2990 1930; x_wconf 85' lang='lat' dir='ltr'>postremis.—Taylor</span> <span class='ocrx_word' id='word_1_467' title='bbox 3025 1841 3089 1904; x_wconf 90' lang='lat' dir='ltr'>in</span> <span class='ocrx_word' id='word_1_468' title='bbox 3132 1839 3423 1928; x_wconf 89' lang='lat' dir='ltr'>Epistola</span> <span class='ocrx_word' id='word_1_469' title='bbox 3449 1840 3528 1905; x_wconf 92' lang='lat' dir='ltr'>ad</span> <span class='ocrx_word' id='word_1_470' title='bbox 3562 1862 3662 1903; x_wconf 88' lang='lat' dir='ltr'>me</span> <span class='ocrx_word' id='word_1_471' title='bbox 3691 1838 3842 1902; x_wconf 88' lang='lat' dir='ltr'>data</span> <span class='ocrx_word' id='word_1_472' title='bbox 3876 1837 4014 1902; x_wconf 83' lang='lat' dir='ltr'>haec</span> 
     </span>
     <span class='ocr_line' id='line_1_62' title="bbox 2307 1941 4013 2029; baseline -0.003 -20"><span class='ocrx_word' id='word_1_473' title='bbox 2307 1946 2389 2010; x_wconf 89' lang='lat' dir='ltr'>de</span> <span class='ocrx_word' id='word_1_474' title='bbox 2407 1946 2525 2010; x_wconf 87' lang='lat' dir='ltr'>hoc</span> <span class='ocrx_word' id='word_1_475' title='bbox 2543 1945 2717 2010; x_wconf 83' lang='lat' dir='ltr'>loco:</span> <span class='ocrx_word' id='word_1_476' title='bbox 2766 1953 2808 1983; x_wconf 90' lang='lat'><strong>“</strong></span> <span class='ocrx_word' id='word_1_477' title='bbox 2842 1947 2922 2008; x_wconf 92' lang='lat' dir='ltr'>In</span> <span class='ocrx_word' id='word_1_478' title='bbox 2955 1943 3079 2007; x_wconf 87' lang='lat' dir='ltr'>this</span> <span class='ocrx_word' id='word_1_479' title='bbox 3106 1942 3280 2029; x_wconf 87' lang='lat' dir='ltr'>place</span> <span class='ocrx_word' id='word_1_480' title='bbox 3309 1943 3409 2006; x_wconf 86' lang='lat' dir='ltr'>for</span> <span class='ocrx_word' id='word_1_481' title='bbox 3439 1944 3621 2022; x_wconf 72' lang='grc' dir='ltr'>αὐτὴν</span> <span class='ocrx_word' id='word_1_482' title='bbox 3647 1942 3699 2006; x_wconf 94' lang='lat' dir='ltr'>it</span> <span class='ocrx_word' id='word_1_483' title='bbox 3726 1941 3780 2006; x_wconf 90' lang='lat' dir='ltr'>is</span> <span class='ocrx_word' id='word_1_484' title='bbox 3809 1941 4013 2029; x_wconf 75' lang='lat' dir='ltr'>requi-</span> 
     </span>
     <span class='ocr_line' id='line_1_63' title="bbox 2310 2043 4015 2132; baseline -0.002 -20"><span class='ocrx_word' id='word_1_485' title='bbox 2310 2049 2424 2114; x_wconf 88' lang='lat' dir='ltr'>site</span> <span class='ocrx_word' id='word_1_486' title='bbox 2455 2063 2519 2112; x_wconf 94' lang='lat' dir='ltr'>to</span> <span class='ocrx_word' id='word_1_487' title='bbox 2549 2048 2698 2111; x_wconf 88' lang='lat' dir='ltr'>read</span> <span class='ocrx_word' id='word_1_488' title='bbox 2729 2049 2925 2111; x_wconf 83' lang='grc' dir='ltr'>αὗτόν.</span> <span class='ocrx_word' id='word_1_489' title='bbox 3018 2048 3150 2111; x_wconf 90' lang='lat' dir='ltr'>For</span> <span class='ocrx_word' id='word_1_490' title='bbox 3189 2045 3470 2109; x_wconf 87' lang='lat' dir='ltr'>Plotinus</span> <span class='ocrx_word' id='word_1_491' title='bbox 3513 2046 3566 2108; x_wconf 91' lang='lat' dir='ltr'>is</span> <span class='ocrx_word' id='word_1_492' title='bbox 3602 2044 3752 2109; x_wconf 89' lang='lat' dir='ltr'>here</span> <span class='ocrx_word' id='word_1_493' title='bbox 3794 2043 4015 2132; x_wconf 83' lang='lat' dir='ltr'>speak-</span> 
     </span>
     <span class='ocr_line' id='line_1_64' title="bbox 2308 2147 4009 2238; baseline -0.001 -25"><span class='ocrx_word' id='word_1_494' title='bbox 2308 2152 2420 2238; x_wconf 87' lang='lat' dir='ltr'>ing</span> <span class='ocrx_word' id='word_1_495' title='bbox 2460 2151 2534 2215; x_wconf 86' lang='lat' dir='ltr'>of</span> <span class='ocrx_word' id='word_1_496' title='bbox 2574 2151 2680 2215; x_wconf 89' lang='lat' dir='ltr'>the</span> <span class='ocrx_word' id='word_1_497' title='bbox 2720 2149 2855 2213; x_wconf 83' lang='lat' dir='ltr'>soul</span> <span class='ocrx_word' id='word_1_498' title='bbox 2900 2149 3073 2212; x_wconf 84' lang='lat' dir='ltr'>when</span> <span class='ocrx_word' id='word_1_499' title='bbox 3119 2148 3184 2211; x_wconf 92' lang='lat' dir='ltr'>in</span> <span class='ocrx_word' id='word_1_500' title='bbox 3231 2148 3338 2212; x_wconf 91' lang='lat' dir='ltr'>the</span> <span class='ocrx_word' id='word_1_501' title='bbox 3388 2147 3756 2235; x_wconf 89' lang='lat' dir='ltr'>intelligible</span> <span class='ocrx_word' id='word_1_502' title='bbox 3790 2147 4009 2226; x_wconf 83' lang='lat' dir='ltr'>world,</span> 
     </span>
     <span class='ocr_line' id='line_1_65' title="bbox 2305 2249 4011 2341; baseline -0.002 -25"><span class='ocrx_word' id='word_1_503' title='bbox 2305 2253 2428 2317; x_wconf 90' lang='lat' dir='ltr'>and</span> <span class='ocrx_word' id='word_1_504' title='bbox 2462 2277 2605 2341; x_wconf 85' lang='lat' dir='ltr'>says</span> <span class='ocrx_word' id='word_1_505' title='bbox 2633 2253 2770 2317; x_wconf 85' lang='lat' dir='ltr'>that</span> <span class='ocrx_word' id='word_1_506' title='bbox 2817 2251 3094 2338; x_wconf 84' lang='lat' dir='ltr'>through</span> <span class='ocrx_word' id='word_1_507' title='bbox 3134 2249 3408 2315; x_wconf 90' lang='lat' dir='ltr'>intellect</span> <span class='ocrx_word' id='word_1_508' title='bbox 3452 2250 3503 2314; x_wconf 94' lang='lat' dir='ltr'>it</span> <span class='ocrx_word' id='word_1_509' title='bbox 3536 2252 3852 2337; x_wconf 85' lang='lat' dir='ltr'>perceives</span> <span class='ocrx_word' id='word_1_510' title='bbox 3885 2249 4011 2314; x_wconf 86' lang='lat' dir='ltr'>and</span> 
     </span>
     <span class='ocr_line' id='line_1_66' title="bbox 2305 2352 4011 2442; baseline -0.001 -24"><span class='ocrx_word' id='word_1_511' title='bbox 2305 2357 2605 2442; x_wconf 88' lang='lat' dir='ltr'>proceeds</span> <span class='ocrx_word' id='word_1_512' title='bbox 2635 2366 2697 2420; x_wconf 81' lang='lat' dir='ltr'>to</span> <span class='ocrx_word' id='word_1_513' title='bbox 2724 2356 2823 2419; x_wconf 74' lang='lat' dir='ltr'>the</span> <span class='ocrx_word' id='word_1_514' title='bbox 2844 2355 3037 2442; x_wconf 81' lang='lat' dir='ltr'>good.</span> <span class='ocrx_word' id='word_1_515' title='bbox 3113 2353 3267 2417; x_wconf 86' lang='lat' dir='ltr'>And</span> <span class='ocrx_word' id='word_1_516' title='bbox 3297 2353 3359 2416; x_wconf 92' lang='lat' dir='ltr'>in</span> <span class='ocrx_word' id='word_1_517' title='bbox 3392 2352 3515 2416; x_wconf 88' lang='lat' dir='ltr'>line</span> <span class='ocrx_word' id='word_1_518' title='bbox 3541 2371 3588 2430; x_wconf 92' lang='lat'>4</span> <span class='ocrx_word' id='word_1_519' title='bbox 3615 2352 3690 2416; x_wconf 85' lang='lat' dir='ltr'>of</span> <span class='ocrx_word' id='word_1_520' title='bbox 3713 2352 3819 2415; x_wconf 90' lang='lat' dir='ltr'>the</span> <span class='ocrx_word' id='word_1_521' title='bbox 3843 2372 4011 2416; x_wconf 83' lang='lat' dir='ltr'>same</span> 
     </span>
     <span class='ocr_line' id='line_1_67' title="bbox 2305 2443 4013 2545; baseline -0.002 -24"><span class='ocrx_word' id='word_1_522' title='bbox 2305 2482 2466 2545; x_wconf 84' lang='lat' dir='ltr'>page</span> <span class='ocrx_word' id='word_1_523' title='bbox 2495 2459 2597 2521; x_wconf 86' lang='lat' dir='ltr'>for</span> <span class='ocrx_word' id='word_1_524' title='bbox 2624 2443 2707 2524; x_wconf 77' lang='grc' dir='ltr'>εἷς</span> <span class='ocrx_word' id='word_1_525' title='bbox 2734 2461 2810 2521; x_wconf 74' lang='grc' dir='ltr'>τὰ</span> <span class='ocrx_word' id='word_1_526' title='bbox 2845 2459 2979 2538; x_wconf 87' lang='grc' dir='ltr'>τρία</span> <span class='ocrx_word' id='word_1_527' title='bbox 3026 2455 3075 2519; x_wconf 92' lang='lat' dir='ltr'>it</span> <span class='ocrx_word' id='word_1_528' title='bbox 3117 2455 3170 2519; x_wconf 91' lang='lat' dir='ltr'>is</span> <span class='ocrx_word' id='word_1_529' title='bbox 3198 2477 3522 2542; x_wconf 85' lang='lat' dir='ltr'>necessary</span> <span class='ocrx_word' id='word_1_530' title='bbox 3554 2469 3620 2519; x_wconf 92' lang='lat' dir='ltr'>to</span> <span class='ocrx_word' id='word_1_531' title='bbox 3650 2453 3819 2532; x_wconf 91' lang='lat' dir='ltr'>read,</span> <span class='ocrx_word' id='word_1_532' title='bbox 3868 2477 4013 2519; x_wconf 82' lang='lat' dir='ltr'>con-</span> 
     </span>
     <span class='ocr_line' id='line_1_68' title="bbox 2305 2557 4009 2646; baseline 0 -23"><span class='ocrx_word' id='word_1_533' title='bbox 2305 2559 2617 2646; x_wconf 84' lang='lat' dir='ltr'>formably</span> <span class='ocrx_word' id='word_1_534' title='bbox 2636 2574 2714 2623; x_wconf 60' lang='lat' dir='ltr'>‘to</span> <span class='ocrx_word' id='word_1_535' title='bbox 2748 2558 2853 2623; x_wconf 89' lang='lat' dir='ltr'>the</span> <span class='ocrx_word' id='word_1_536' title='bbox 2883 2558 3124 2622; x_wconf 87' lang='lat' dir='ltr'>version</span> <span class='ocrx_word' id='word_1_537' title='bbox 3157 2558 3232 2622; x_wconf 78' lang='lat' dir='ltr'>of</span> <span class='ocrx_word' id='word_1_538' title='bbox 3265 2557 3544 2635; x_wconf 90' lang='lat' dir='ltr'>Ficinus,</span> <span class='ocrx_word' id='word_1_539' title='bbox 3588 2561 3670 2624; x_wconf 76' lang='grc' dir='ltr'>εἰς</span> <span class='ocrx_word' id='word_1_540' title='bbox 3697 2561 3772 2621; x_wconf 74' lang='grc' dir='ltr'>τὰ</span> <span class='ocrx_word' id='word_1_541' title='bbox 3800 2565 4009 2623; x_wconf 85' lang='grc' dir='ltr'>τελευ-</span> 
     </span>
     <span class='ocr_line' id='line_1_69' title="bbox 2307 2659 4012 2748; baseline -0.002 -21"><span class='ocrx_word' id='word_1_542' title='bbox 2307 2669 2465 2727; x_wconf 82' lang='grc' dir='ltr'>ταῖα.</span> <span class='ocrx_word' id='word_1_543' title='bbox 2557 2664 2688 2725; x_wconf 93' lang='lat' dir='ltr'>For</span> <span class='ocrx_word' id='word_1_544' title='bbox 2716 2659 3073 2748; x_wconf 82' lang='lat' dir='ltr'>frequently</span> <span class='ocrx_word' id='word_1_545' title='bbox 3105 2662 3170 2724; x_wconf 88' lang='lat' dir='ltr'>in</span> <span class='ocrx_word' id='word_1_546' title='bbox 3200 2659 3419 2724; x_wconf 88' lang='lat' dir='ltr'>bodies</span> <span class='ocrx_word' id='word_1_547' title='bbox 3448 2660 3556 2724; x_wconf 91' lang='lat' dir='ltr'>the</span> <span class='ocrx_word' id='word_1_548' title='bbox 3595 2660 3873 2723; x_wconf 88' lang='lat' dir='ltr'>medium</span> <span class='ocrx_word' id='word_1_549' title='bbox 3900 2659 4012 2724; x_wconf 87' lang='lat' dir='ltr'>ad-</span> 
     </span>
     <span class='ocr_line' id='line_1_70' title="bbox 2308 2748 4015 2852; baseline -0.001 -23"><span class='ocrx_word' id='word_1_550' title='bbox 2308 2765 2453 2830; x_wconf 87' lang='lat' dir='ltr'>mits</span> <span class='ocrx_word' id='word_1_551' title='bbox 2491 2765 2567 2828; x_wconf 84' lang='lat' dir='ltr'>of</span> <span class='ocrx_word' id='word_1_552' title='bbox 2596 2788 2636 2828; x_wconf 91' lang='lat' dir='ltr'>a</span> <span class='ocrx_word' id='word_1_553' title='bbox 2678 2763 3070 2852; x_wconf 88' lang='lat' dir='ltr'>progression</span> <span class='ocrx_word' id='word_1_554' title='bbox 3116 2763 3278 2827; x_wconf 85' lang='lat' dir='ltr'>from</span> <span class='ocrx_word' id='word_1_555' title='bbox 3315 2762 3529 2849; x_wconf 90' lang='lat' dir='ltr'>things</span> <span class='ocrx_word' id='word_1_556' title='bbox 3560 2762 3696 2827; x_wconf 90' lang='lat' dir='ltr'>that</span> <span class='ocrx_word' id='word_1_557' title='bbox 3729 2784 3834 2828; x_wconf 89' lang='lat' dir='ltr'>are</span> <span class='ocrx_word' id='word_1_558' title='bbox 3877 2748 4015 2827; x_wconf 53' lang='lat' dir='ltr'>first</span> 
     </span>
     <span class='ocr_line' id='line_1_71' title="bbox 2310 2866 3000 2932; baseline -0.004 0"><span class='ocrx_word' id='word_1_559' title='bbox 2310 2884 2375 2932; x_wconf 91' lang='lat' dir='ltr'>to</span> <span class='ocrx_word' id='word_1_560' title='bbox 2405 2867 2558 2931; x_wconf 91' lang='lat' dir='ltr'>such</span> <span class='ocrx_word' id='word_1_561' title='bbox 2592 2891 2659 2932; x_wconf 90' lang='lat' dir='ltr'>as</span> <span class='ocrx_word' id='word_1_562' title='bbox 2688 2890 2794 2931; x_wconf 90' lang='lat' dir='ltr'>are</span> <span class='ocrx_word' id='word_1_563' title='bbox 2824 2866 3000 2930; x_wconf 81' lang='lat' dir='ltr'>last.”</span> 
     </span>
    </p>

    <p class='ocr_par' dir='ltr' id='par_1_7' title="bbox 2299 2966 4019 5099">
     <span class='ocr_line' id='line_1_72' title="bbox 2393 2966 4008 3058; baseline -0.002 -24"><span class='ocrx_word' id='word_1_564' title='bbox 2393 2993 2458 3058; x_wconf 93' lang='lat' dir='ltr'>p.</span> <span class='ocrx_word' id='word_1_565' title='bbox 2495 2989 2644 3053; x_wconf 90' lang='lat'>744,</span> <span class='ocrx_word' id='word_1_566' title='bbox 2670 2990 2734 3055; x_wconf 89' lang='lat'>5.</span> <span class='ocrx_word' id='word_1_567' title='bbox 2782 2969 2921 3033; x_wconf 81' lang='grc' dir='ltr'>ἀλλ’</span> <span class='ocrx_word' id='word_1_568' title='bbox 2960 2971 3252 3033; x_wconf 75' lang='grc' dir='ltr'>ἔστι-τᾶ</span> <span class='ocrx_word' id='word_1_569' title='bbox 3297 2970 3424 3032; x_wconf 79' lang='grc' dir='ltr'>ἐκεῖ</span> <span class='ocrx_word' id='word_1_570' title='bbox 3462 2968 3736 3053; x_wconf 79' lang='grc' dir='ltr'>θεωρεῖν]</span> <span class='ocrx_word' id='word_1_571' title='bbox 3786 2966 3964 3032; x_wconf 88' lang='lat' dir='ltr'>Edit.</span> <span class='ocrx_word' id='word_1_572' title='bbox 3994 2993 4008 3031; x_wconf 93' lang='lat'>:</span> 
     </span>
     <span class='ocr_line' id='line_1_73' title="bbox 2310 3069 4015 3157; baseline -0.002 -20"><span class='ocrx_word' id='word_1_573' title='bbox 2310 3074 2406 3138; x_wconf 82' lang='grc' dir='ltr'>καὶ</span> <span class='ocrx_word' id='word_1_574' title='bbox 2435 3072 2647 3136; x_wconf 74' lang='grc' dir='ltr'>ἐνθάδε</span> <span class='ocrx_word' id='word_1_575' title='bbox 2678 3074 2829 3152; x_wconf 76' lang='grc' dir='ltr'>οὔσῃ</span> <span class='ocrx_word' id='word_1_576' title='bbox 2857 3071 2926 3134; x_wconf 87' lang='grc' dir='ltr'>τὸ</span> <span class='ocrx_word' id='word_1_577' title='bbox 2959 3071 3102 3135; x_wconf 81' lang='grc' dir='ltr'>αὐτὸ</span> <span class='ocrx_word' id='word_1_578' title='bbox 3129 3070 3376 3152; x_wconf 79' lang='grc' dir='ltr'>λέγεται</span> <span class='ocrx_word' id='word_1_579' title='bbox 3406 3069 3440 3132; x_wconf 82' lang='grc' dir='ltr'>ὃ</span> <span class='ocrx_word' id='word_1_580' title='bbox 3471 3075 3526 3133; x_wconf 84' lang='grc' dir='ltr'>δ.</span> <span class='ocrx_word' id='word_1_581' title='bbox 3554 3095 3606 3134; x_wconf 93' lang='grc' dir='ltr'>ε.</span> <span class='ocrx_word' id='word_1_582' title='bbox 3693 3070 4015 3157; x_wconf 84' lang='lat' dir='ltr'>Conjunxi</span> 
     </span>
     <span class='ocr_line' id='line_1_74' title="bbox 2304 3172 4019 3262; baseline -0.001 -23"><span class='ocrx_word' id='word_1_583' title='bbox 2304 3174 2598 3239; x_wconf 88' lang='lat' dir='ltr'>lectiones</span> <span class='ocrx_word' id='word_1_584' title='bbox 2626 3174 3033 3262; x_wconf 85' lang='lat' dir='ltr'>probatorum</span> <span class='ocrx_word' id='word_1_585' title='bbox 3064 3173 3363 3237; x_wconf 90' lang='lat' dir='ltr'>librorum</span> <span class='ocrx_word' id='word_1_586' title='bbox 3396 3189 3459 3237; x_wconf 89' lang='lat' dir='ltr'>et</span> <span class='ocrx_word' id='word_1_587' title='bbox 3488 3172 3713 3237; x_wconf 89' lang='lat' dir='ltr'>Ficini.</span> <span class='ocrx_word' id='word_1_588' title='bbox 3781 3174 3885 3237; x_wconf 90' lang='lat' dir='ltr'>De</span> <span class='ocrx_word' id='word_1_589' title='bbox 3922 3195 4019 3238; x_wconf 88' lang='lat' dir='ltr'>re-</span> 
     </span>
     <span class='ocr_line' id='line_1_75' title="bbox 2302 3274 4015 3366; baseline -0.002 -23"><span class='ocrx_word' id='word_1_590' title='bbox 2302 3278 2422 3344; x_wconf 91' lang='lat' dir='ltr'>bus</span> <span class='ocrx_word' id='word_1_591' title='bbox 2448 3276 2947 3363; x_wconf 89' lang='lat' dir='ltr'>intelligibilibus</span> <span class='ocrx_word' id='word_1_592' title='bbox 2974 3276 3182 3341; x_wconf 88' lang='lat' dir='ltr'>anima</span> <span class='ocrx_word' id='word_1_593' title='bbox 3223 3289 3436 3340; x_wconf 87' lang='lat' dir='ltr'>nostra</span> <span class='ocrx_word' id='word_1_594' title='bbox 3479 3274 3832 3363; x_wconf 88' lang='lat' dir='ltr'>spectandis</span> <span class='ocrx_word' id='word_1_595' title='bbox 3875 3299 4015 3366; x_wconf 90' lang='lat' dir='ltr'>per-</span> 
     </span>
     <span class='ocr_line' id='line_1_76' title="bbox 2300 3378 4015 3468; baseline 0.001 -24"><span class='ocrx_word' id='word_1_596' title='bbox 2300 3381 2727 3468; x_wconf 88' lang='lat' dir='ltr'>cipiendisque</span> <span class='ocrx_word' id='word_1_597' title='bbox 2775 3379 3056 3443; x_wconf 87' lang='lat' dir='ltr'>similiter</span> <span class='ocrx_word' id='word_1_598' title='bbox 3102 3378 3386 3465; x_wconf 85' lang='lat' dir='ltr'>disputat</span> <span class='ocrx_word' id='word_1_599' title='bbox 3433 3378 3732 3442; x_wconf 90' lang='lat' dir='ltr'>Oratione</span> <span class='ocrx_word' id='word_1_600' title='bbox 3784 3396 4015 3465; x_wconf 82' lang='lat' dir='ltr'>quarta</span> 
     </span>
     <span class='ocr_line' id='line_1_77' title="bbox 2308 3480 4006 3569; baseline -0.001 -22"><span class='ocrx_word' id='word_1_601' title='bbox 2308 3483 2608 3548; x_wconf 85' lang='lat' dir='ltr'>Julianus</span> <span class='ocrx_word' id='word_1_602' title='bbox 2648 3484 3016 3569; x_wconf 86' lang='lat' dir='ltr'>Imperator.</span> <span class='ocrx_word' id='word_1_603' title='bbox 3088 3481 3235 3545; x_wconf 89' lang='lat' dir='ltr'>Vid.</span> <span class='ocrx_word' id='word_1_604' title='bbox 3271 3503 3336 3568; x_wconf 93' lang='lat' dir='ltr'>p.</span> <span class='ocrx_word' id='word_1_605' title='bbox 3376 3484 3512 3566; x_wconf 89' lang='lat'><strong>136.</strong></span> <span class='ocrx_word' id='word_1_606' title='bbox 3550 3481 3625 3544; x_wconf 90' lang='lat' dir='ltr'>B.</span> <span class='ocrx_word' id='word_1_607' title='bbox 3672 3480 3910 3567; x_wconf 89' lang='lat' dir='ltr'>Spanh.</span> <span class='ocrx_word' id='word_1_608' title='bbox 3941 3504 4006 3568; x_wconf 89' lang='lat' dir='ltr'>p.</span> 
     </span>
     <span class='ocr_line' id='line_1_78' title="bbox 2315 3583 4012 3671; baseline -0.001 -22"><span class='ocrx_word' id='word_1_609' title='bbox 2315 3589 2458 3651; x_wconf 85' lang='lat'><strong>162.</strong></span> <span class='ocrx_word' id='word_1_610' title='bbox 2512 3585 2693 3649; x_wconf 87' lang='lat' dir='ltr'>Idem</span> <span class='ocrx_word' id='word_1_611' title='bbox 2747 3608 2811 3671; x_wconf 92' lang='lat' dir='ltr'>p.</span> <span class='ocrx_word' id='word_1_612' title='bbox 2870 3587 3013 3669; x_wconf 82' lang='lat'><strong>163.</strong></span> <span class='ocrx_word' id='word_1_613' title='bbox 3048 3584 3309 3647; x_wconf 73' lang='lat' dir='ltr'>C.—xa2</span> <span class='ocrx_word' id='word_1_614' title='bbox 3357 3585 3473 3663; x_wconf 79' lang='grc' dir='ltr'>γὰρ</span> <span class='ocrx_word' id='word_1_615' title='bbox 3526 3583 3663 3646; x_wconf 74' lang='grc' dir='ltr'>οὐδὲ</span> <span class='ocrx_word' id='word_1_616' title='bbox 3714 3584 4012 3662; x_wconf 71' lang='grc' dir='ltr'>ἀποδείξει</span> 
     </span>
     <span class='ocr_line' id='line_1_79' title="bbox 2305 3685 4007 3772; baseline -0.002 -20"><span class='ocrx_word' id='word_1_617' title='bbox 2305 3690 2420 3772; x_wconf 77' lang='grc' dir='ltr'>χρὴ</span> <span class='ocrx_word' id='word_1_618' title='bbox 2468 3694 2691 3769; x_wconf 82' lang='grc' dir='ltr'>λαβεῖν</span> <span class='ocrx_word' id='word_1_619' title='bbox 2735 3687 2897 3760; x_wconf 83' lang='grc' dir='ltr'>αὐτὸ,</span> <span class='ocrx_word' id='word_1_620' title='bbox 2938 3688 3101 3749; x_wconf 79' lang='grc' dir='ltr'>ἀλλὰ</span> <span class='ocrx_word' id='word_1_621' title='bbox 3150 3687 3407 3763; x_wconf 76' lang='grc' dir='ltr'>ἐπιβολῇ</span> <span class='ocrx_word' id='word_1_622' title='bbox 3454 3686 3663 3763; x_wconf 86' lang='grc' dir='ltr'>μόνον·</span> <span class='ocrx_word' id='word_1_623' title='bbox 3710 3685 3845 3765; x_wconf 79' lang='grc' dir='ltr'>περὶ</span> <span class='ocrx_word' id='word_1_624' title='bbox 3890 3688 4007 3767; x_wconf 84' lang='grc' dir='ltr'>γᾶρ</span> 
     </span>
     <span class='ocr_line' id='line_1_80' title="bbox 2305 3784 4014 3872; baseline -0.002 -17"><span class='ocrx_word' id='word_1_625' title='bbox 2305 3797 2423 3855; x_wconf 90' lang='grc' dir='ltr'>τῶν</span> <span class='ocrx_word' id='word_1_626' title='bbox 2450 3793 2698 3872; x_wconf 82' lang='grc' dir='ltr'>πρώτων</span> <span class='ocrx_word' id='word_1_627' title='bbox 2728 3792 2928 3853; x_wconf 79' lang='grc' dir='ltr'>αἰτιῶν</span> <span class='ocrx_word' id='word_1_628' title='bbox 2960 3790 3126 3851; x_wconf 68' lang='grc' dir='ltr'>ἔστιν</span> <span class='ocrx_word' id='word_1_629' title='bbox 3166 3784 3203 3865; x_wconf 87' lang='grc' dir='ltr'>ἢ</span> <span class='ocrx_word' id='word_1_630' title='bbox 3239 3791 3357 3849; x_wconf 86' lang='grc' dir='ltr'>τῶν</span> <span class='ocrx_word' id='word_1_631' title='bbox 3385 3810 3458 3867; x_wconf 95' lang='grc' dir='ltr'>γε</span> <span class='ocrx_word' id='word_1_632' title='bbox 3488 3787 3863 3869; x_wconf 85' lang='grc' dir='ltr'>ὁμοστοίχων</span> <span class='ocrx_word' id='word_1_633' title='bbox 3891 3793 4014 3856; x_wconf 83' lang='grc' dir='ltr'>τοῖς</span> 
     </span>
     <span class='ocr_line' id='line_1_81' title="bbox 2304 3887 4006 3978; baseline -0.003 -20"><span class='ocrx_word' id='word_1_634' title='bbox 2304 3895 2573 3975; x_wconf 75' lang='grc' dir='ltr'>πρώτοις,</span> <span class='ocrx_word' id='word_1_635' title='bbox 2606 3907 2668 3956; x_wconf 92' lang='lat' dir='ltr'>et</span> <span class='ocrx_word' id='word_1_636' title='bbox 2696 3914 2761 3978; x_wconf 90' lang='lat' dir='ltr'>p.</span> <span class='ocrx_word' id='word_1_637' title='bbox 2798 3909 2936 3971; x_wconf 84' lang='lat'><strong>172.</strong></span> <span class='ocrx_word' id='word_1_638' title='bbox 2972 3891 3048 3952; x_wconf 87' lang='lat' dir='ltr'>C.</span> <span class='ocrx_word' id='word_1_639' title='bbox 3094 3887 3383 3952; x_wconf 83' lang='grc' dir='ltr'>δέδεικται</span> <span class='ocrx_word' id='word_1_640' title='bbox 3426 3889 3520 3951; x_wconf 85' lang='grc' dir='ltr'>καὶ</span> <span class='ocrx_word' id='word_1_641' title='bbox 3564 3889 3660 3968; x_wconf 82' lang='grc' dir='ltr'>(δὲ</span> <span class='ocrx_word' id='word_1_642' title='bbox 3707 3888 3802 3951; x_wconf 86' lang='grc' dir='ltr'>καὶ</span> <span class='ocrx_word' id='word_1_643' title='bbox 3844 3888 4006 3953; x_wconf 89' lang='lat' dir='ltr'>Cod.</span> 
     </span>
     <span class='ocr_line' id='line_1_82' title="bbox 2307 3991 4013 4077; baseline -0.001 -20"><span class='ocrx_word' id='word_1_644' title='bbox 2307 3996 2515 4077; x_wconf 82' lang='lat' dir='ltr'><strong>VOSS.)</strong></span> <span class='ocrx_word' id='word_1_645' title='bbox 2571 3993 2890 4075; x_wconf 82' lang='grc' dir='ltr'>ἀναγωγὸν</span> <span class='ocrx_word' id='word_1_646' title='bbox 2929 3994 3111 4075; x_wconf 85' lang='grc' dir='ltr'>φύσει</span> <span class='ocrx_word' id='word_1_647' title='bbox 3160 3991 3228 4054; x_wconf 88' lang='grc' dir='ltr'>τὸ</span> <span class='ocrx_word' id='word_1_648' title='bbox 3273 3997 3391 4054; x_wconf 90' lang='grc' dir='ltr'>τῶν</span> <span class='ocrx_word' id='word_1_649' title='bbox 3429 3992 3682 4054; x_wconf 82' lang='grc' dir='ltr'>ἀκτίνων</span> <span class='ocrx_word' id='word_1_650' title='bbox 3728 3995 3835 4055; x_wconf 79' lang='grc' dir='ltr'>τοῦ</span> <span class='ocrx_word' id='word_1_651' title='bbox 3871 3996 4013 4056; x_wconf 69' lang='grc' dir='ltr'>θεοῦ</span> 
     </span>
     <span class='ocr_line' id='line_1_83' title="bbox 2307 4093 4003 4180; baseline -0.001 -19"><span class='ocrx_word' id='word_1_652' title='bbox 2307 4096 2585 4180; x_wconf 45' lang='lat' dir='ltr'>(Halon)</span> <span class='ocrx_word' id='word_1_653' title='bbox 2607 4095 2703 4159; x_wconf 84' lang='grc' dir='ltr'>διά</span> <span class='ocrx_word' id='word_1_654' title='bbox 2731 4121 2796 4158; x_wconf 87' lang='grc' dir='ltr'>τε</span> <span class='ocrx_word' id='word_1_655' title='bbox 2826 4099 2928 4173; x_wconf 86' lang='grc' dir='ltr'>τῆς</span> <span class='ocrx_word' id='word_1_656' title='bbox 2957 4098 3222 4175; x_wconf 79' lang='grc' dir='ltr'>φανερᾶς</span> <span class='ocrx_word' id='word_1_657' title='bbox 3244 4094 3566 4175; x_wconf 77' lang='grc' dir='ltr'>ἐνεργείας,</span> <span class='ocrx_word' id='word_1_658' title='bbox 3599 4093 3695 4156; x_wconf 78' lang='grc' dir='ltr'>καὶ</span> <span class='ocrx_word' id='word_1_659' title='bbox 3716 4097 3817 4173; x_wconf 81' lang='grc' dir='ltr'>τῆς</span> <span class='ocrx_word' id='word_1_660' title='bbox 3846 4095 4003 4176; x_wconf 78' lang='grc' dir='ltr'>ἀφα-</span> 
     </span>
     <span class='ocr_line' id='line_1_84' title="bbox 2306 4194 4015 4280; baseline -0.001 -17"><span class='ocrx_word' id='word_1_661' title='bbox 2306 4204 2457 4265; x_wconf 83' lang='grc' dir='ltr'>νοῦς·</span> <span class='ocrx_word' id='word_1_662' title='bbox 2511 4197 2613 4280; x_wconf 83' lang='grc' dir='ltr'>ὑφ’</span> <span class='ocrx_word' id='word_1_663' title='bbox 2674 4199 2742 4276; x_wconf 85' lang='grc' dir='ltr'>ἧς</span> <span class='ocrx_word' id='word_1_664' title='bbox 2797 4199 3173 4274; x_wconf 85' lang='grc' dir='ltr'>παμπληθεῖς</span> <span class='ocrx_word' id='word_1_665' title='bbox 3231 4194 3583 4278; x_wconf 76' lang='grc' dir='ltr'>ἀνήχθησαν</span> <span class='ocrx_word' id='word_1_666' title='bbox 3638 4196 3837 4278; x_wconf 75' lang='grc' dir='ltr'>ψυχαὶ</span> <span class='ocrx_word' id='word_1_667' title='bbox 3894 4200 4015 4262; x_wconf 61' lang='grc' dir='ltr'>τῶν</span> 
     </span>
     <span class='ocr_line' id='line_1_85' title="bbox 2305 4297 4012 4379; baseline 0.001 -15"><span class='ocrx_word' id='word_1_668' title='bbox 2305 4300 2646 4379; x_wconf 77' lang='grc' dir='ltr'>αἰσθήσεων</span> <span class='ocrx_word' id='word_1_669' title='bbox 2674 4297 3159 4376; x_wconf 83' lang='grc' dir='ltr'>ἆκολουθήσασαι</span> <span class='ocrx_word' id='word_1_670' title='bbox 3188 4301 3259 4376; x_wconf 80' lang='grc' dir='ltr'>τῇ</span> <span class='ocrx_word' id='word_1_671' title='bbox 3291 4298 3599 4378; x_wconf 77' lang='grc' dir='ltr'>φανοτάτη</span> <span class='ocrx_word' id='word_1_672' title='bbox 3632 4299 3728 4362; x_wconf 85' lang='grc' dir='ltr'>καὶ</span> <span class='ocrx_word' id='word_1_673' title='bbox 3748 4297 4012 4378; x_wconf 82' lang='grc' dir='ltr'>μάλιστα</span> 
     </span>
     <span class='ocr_line' id='line_1_86' title="bbox 2301 4398 4010 4483; baseline -0.001 -17"><span class='ocrx_word' id='word_1_674' title='bbox 2301 4404 2589 4482; x_wconf 83' lang='grc' dir='ltr'>ἡλιοειδεῖ</span> <span class='ocrx_word' id='word_1_675' title='bbox 2611 4402 2719 4481; x_wconf 77' lang='grc' dir='ltr'>τὴν</span> <span class='ocrx_word' id='word_1_676' title='bbox 2769 4404 2885 4483; x_wconf 75' lang='grc' dir='ltr'>γὰρ</span> <span class='ocrx_word' id='word_1_677' title='bbox 2922 4402 3200 4479; x_wconf 83' lang='grc' dir='ltr'>τοιαύτην</span> <span class='ocrx_word' id='word_1_678' title='bbox 3245 4405 3363 4463; x_wconf 89' lang='grc' dir='ltr'>τῶν</span> <span class='ocrx_word' id='word_1_679' title='bbox 3402 4398 3683 4479; x_wconf 82' lang='grc' dir='ltr'>ὀμμάτων</span> <span class='ocrx_word' id='word_1_680' title='bbox 3726 4402 4010 4481; x_wconf 83' lang='grc' dir='ltr'>αἴσθησιν</span> 
     </span>
     <span class='ocr_line' id='line_1_87' title="bbox 2302 4500 4005 4586; baseline -0.002 -18"><span class='ocrx_word' id='word_1_681' title='bbox 2302 4505 2411 4568; x_wconf 79' lang='grc' dir='ltr'>οὐκ</span> <span class='ocrx_word' id='word_1_682' title='bbox 2460 4505 2770 4586; x_wconf 78' lang='grc' dir='ltr'>ἀγαπητὴν</span> <span class='ocrx_word' id='word_1_683' title='bbox 2813 4506 3021 4583; x_wconf 83' lang='grc' dir='ltr'>μόνον,</span> <span class='ocrx_word' id='word_1_684' title='bbox 3054 4503 3191 4566; x_wconf 75' lang='grc' dir='ltr'>οὐδὲ</span> <span class='ocrx_word' id='word_1_685' title='bbox 3236 4500 3535 4584; x_wconf 80' lang='grc' dir='ltr'>χρήσιμον</span> <span class='ocrx_word' id='word_1_686' title='bbox 3578 4503 3661 4567; x_wconf 86' lang='grc' dir='ltr'>είς</span> <span class='ocrx_word' id='word_1_687' title='bbox 3700 4501 3806 4565; x_wconf 87' lang='grc' dir='ltr'>τὸν</span> <span class='ocrx_word' id='word_1_688' title='bbox 3842 4503 4005 4580; x_wconf 86' lang='grc' dir='ltr'>βίον,</span> 
     </span>
     <span class='ocr_line' id='line_1_88' title="bbox 2303 4603 4001 4687; baseline -0.002 -16"><span class='ocrx_word' id='word_1_689' title='bbox 2303 4609 2467 4671; x_wconf 78' lang='grc' dir='ltr'>ἀλλὰ</span> <span class='ocrx_word' id='word_1_690' title='bbox 2508 4606 2603 4669; x_wconf 89' lang='grc' dir='ltr'>καὶ</span> <span class='ocrx_word' id='word_1_691' title='bbox 2631 4604 2778 4686; x_wconf 82' lang='grc' dir='ltr'>πρὸς</span> <span class='ocrx_word' id='word_1_692' title='bbox 2807 4606 3035 4687; x_wconf 86' lang='grc' dir='ltr'>σοφίαν</span> <span class='ocrx_word' id='word_1_693' title='bbox 3064 4603 3286 4685; x_wconf 81' lang='grc' dir='ltr'>ὁδηγὸν</span> <span class='ocrx_word' id='word_1_694' title='bbox 3324 4604 3358 4665; x_wconf 86' lang='grc' dir='ltr'>ὁ</span> <span class='ocrx_word' id='word_1_695' title='bbox 3399 4605 3704 4683; x_wconf 87' lang='grc' dir='ltr'>δαιμόνιος</span> <span class='ocrx_word' id='word_1_696' title='bbox 3747 4603 4001 4685; x_wconf 83' lang='grc' dir='ltr'>ἆνυμνή-</span> 
     </span>
     <span class='ocr_line' id='line_1_89' title="bbox 2302 4703 4009 4785; baseline -0.001 -14"><span class='ocrx_word' id='word_1_697' title='bbox 2302 4734 2400 4771; x_wconf 86' lang='grc' dir='ltr'>σει</span> <span class='ocrx_word' id='word_1_698' title='bbox 2429 4708 2713 4772; x_wconf 83' lang='grc' dir='ltr'>Πλάτων.</span> <span class='ocrx_word' id='word_1_699' title='bbox 2804 4708 2948 4785; x_wconf 86' lang='lat' dir='ltr'>Qua</span> <span class='ocrx_word' id='word_1_700' title='bbox 2989 4705 3053 4769; x_wconf 92' lang='lat' dir='ltr'>in</span> <span class='ocrx_word' id='word_1_701' title='bbox 3094 4728 3162 4769; x_wconf 87' lang='lat' dir='ltr'>re</span> <span class='ocrx_word' id='word_1_702' title='bbox 3206 4718 3412 4769; x_wconf 89' lang='lat' dir='ltr'>tamen</span> <span class='ocrx_word' id='word_1_703' title='bbox 3459 4706 3642 4770; x_wconf 89' lang='lat' dir='ltr'>etiam</span> <span class='ocrx_word' id='word_1_704' title='bbox 3685 4703 4009 4770; x_wconf 56' lang='lat' dir='ltr'>diversitass</span> 
     </span>
     <span class='ocr_line' id='line_1_90' title="bbox 2302 4807 4005 4896; baseline -0.001 -22"><span class='ocrx_word' id='word_1_705' title='bbox 2302 4823 2425 4875; x_wconf 89' lang='lat' dir='ltr'>tem</span> <span class='ocrx_word' id='word_1_706' title='bbox 2474 4822 2808 4896; x_wconf 86' lang='lat' dir='ltr'>cognoscat</span> <span class='ocrx_word' id='word_1_707' title='bbox 2858 4820 3130 4896; x_wconf 88' lang='lat' dir='ltr'>oportet,</span> <span class='ocrx_word' id='word_1_708' title='bbox 3168 4808 3282 4894; x_wconf 90' lang='lat' dir='ltr'>qui</span> <span class='ocrx_word' id='word_1_709' title='bbox 3341 4807 3760 4872; x_wconf 88' lang='lat' dir='ltr'>Plotinianam</span> <span class='ocrx_word' id='word_1_710' title='bbox 3816 4808 4005 4873; x_wconf 89' lang='lat' dir='ltr'>ratio-</span> 
     </span>
     <span class='ocr_line' id='line_1_91' title="bbox 2299 4909 4007 5000; baseline -0.001 -22"><span class='ocrx_word' id='word_1_711' title='bbox 2299 4934 2467 4993; x_wconf 91' lang='lat' dir='ltr'>nem,</span> <span class='ocrx_word' id='word_1_712' title='bbox 2522 4926 2748 5000; x_wconf 91' lang='lat' dir='ltr'>utpote</span> <span class='ocrx_word' id='word_1_713' title='bbox 2799 4934 2838 4974; x_wconf 97' lang='lat' dir='ltr'>a</span> <span class='ocrx_word' id='word_1_714' title='bbox 2894 4910 3179 4975; x_wconf 84' lang='lat' dir='ltr'>sensibus</span> <span class='ocrx_word' id='word_1_715' title='bbox 3229 4909 3427 4996; x_wconf 89' lang='lat' dir='ltr'>magis</span> <span class='ocrx_word' id='word_1_716' title='bbox 3483 4925 3808 4988; x_wconf 88' lang='lat' dir='ltr'>remotam,</span> <span class='ocrx_word' id='word_1_717' title='bbox 3863 4934 4007 4977; x_wconf 87' lang='lat' dir='ltr'>cum</span> 
     </span>
     <span class='ocr_line' id='line_1_92' title="bbox 2299 5012 3423 5099; baseline -0.004 -18"><span class='ocrx_word' id='word_1_718' title='bbox 2299 5016 2596 5081; x_wconf 85' lang='lat' dir='ltr'>crassiore</span> <span class='ocrx_word' id='word_1_719' title='bbox 2624 5013 2923 5078; x_wconf 67' lang='lat' dir='ltr'>‹Iulianea</span> <span class='ocrx_word' id='word_1_720' title='bbox 2950 5012 3423 5099; x_wconf 85' lang='lat' dir='ltr'>comparaverit.</span> 
     </span>
    </p>

    <p class='ocr_par' dir='ltr' id='par_1_8' title="bbox 2299 5114 4016 5611">
     <span class='ocr_line' id='line_1_93' title="bbox 2384 5114 4016 5197; baseline -0.002 -15"><span class='ocrx_word' id='word_1_721' title='bbox 2384 5156 2473 5169; x_wconf 90' lang='lat'>—</span> <span class='ocrx_word' id='word_1_722' title='bbox 2504 5118 2568 5182; x_wconf 89' lang='grc'><strong>8.</strong></span> <span class='ocrx_word' id='word_1_723' title='bbox 2617 5118 2745 5181; x_wconf 77' lang='grc' dir='ltr'>οἷον</span> <span class='ocrx_word' id='word_1_724' title='bbox 2770 5119 2826 5181; x_wconf 77' lang='grc' dir='ltr'>εἴ</span> <span class='ocrx_word' id='word_1_725' title='bbox 2849 5142 2937 5183; x_wconf 87' lang='grc' dir='ltr'>τις</span> <span class='ocrx_word' id='word_1_726' title='bbox 2960 5115 3202 5197; x_wconf 79' lang='grc' dir='ltr'>ἀνάγων</span> <span class='ocrx_word' id='word_1_727' title='bbox 3220 5115 3401 5178; x_wconf 79' lang='grc' dir='ltr'>αὐτοῦ</span> <span class='ocrx_word' id='word_1_728' title='bbox 3428 5114 3536 5178; x_wconf 87' lang='grc' dir='ltr'>τὸν</span> <span class='ocrx_word' id='word_1_729' title='bbox 3565 5114 3884 5197; x_wconf 79' lang='grc' dir='ltr'>ὀφθαλμὸν</span> <span class='ocrx_word' id='word_1_730' title='bbox 3912 5116 4016 5179; x_wconf 75' lang='grc' dir='ltr'>ἐπί</span> 
     </span>
     <span class='ocr_line' id='line_1_94' title="bbox 2299 5216 4011 5306; baseline -0.003 -21"><span class='ocrx_word' id='word_1_731' title='bbox 2299 5247 2458 5289; x_wconf 89' lang='grc' dir='ltr'>τινος</span> <span class='ocrx_word' id='word_1_732' title='bbox 2493 5223 2737 5302; x_wconf 77' lang='grc' dir='ltr'>ὑψηλῆς</span> <span class='ocrx_word' id='word_1_733' title='bbox 2762 5218 3041 5306; x_wconf 76' lang='grc' dir='ltr'>σκοπιᾶς]</span> <span class='ocrx_word' id='word_1_734' title='bbox 3091 5218 3230 5280; x_wconf 87' lang='lat' dir='ltr'>Vox</span> <span class='ocrx_word' id='word_1_735' title='bbox 3264 5219 3486 5280; x_wconf 80' lang='grc' dir='ltr'>σκοπιᾶ</span> <span class='ocrx_word' id='word_1_736' title='bbox 3515 5232 3640 5280; x_wconf 88' lang='lat' dir='ltr'>tam</span> <span class='ocrx_word' id='word_1_737' title='bbox 3670 5216 4011 5302; x_wconf 61' lang='lat' dir='ltr'>spectabitio</span> 
     </span>
     <span class='ocr_line' id='line_1_95' title="bbox 2299 5317 4003 5411; baseline -0.004 -24"><span class='ocrx_word' id='word_1_738' title='bbox 2299 5344 2489 5411; x_wconf 89' lang='lat' dir='ltr'>quam</span> <span class='ocrx_word' id='word_1_739' title='bbox 2519 5321 2795 5408; x_wconf 74' lang='lat' dir='ltr'>specula.</span> <span class='ocrx_word' id='word_1_740' title='bbox 2862 5318 3003 5384; x_wconf 88' lang='lat' dir='ltr'>Vid.</span> <span class='ocrx_word' id='word_1_741' title='bbox 3058 5317 3281 5382; x_wconf 82' lang='lat' dir='ltr'>Lexic.</span> <span class='ocrx_word' id='word_1_742' title='bbox 3328 5317 3620 5404; x_wconf 89' lang='lat' dir='ltr'>Xenoph.</span> <span class='ocrx_word' id='word_1_743' title='bbox 3656 5318 3773 5381; x_wconf 90' lang='lat' dir='ltr'><strong>1v.</strong></span> <span class='ocrx_word' id='word_1_744' title='bbox 3803 5339 3866 5403; x_wconf 91' lang='lat' dir='ltr'>p.</span> <span class='ocrx_word' id='word_1_745' title='bbox 3899 5321 4003 5403; x_wconf 80' lang='lat'>56.</span> 
     </span>
     <span class='ocr_line' id='line_1_96' title="bbox 2310 5418 4005 5508; baseline -0.003 -19"><span class='ocrx_word' id='word_1_746' title='bbox 2310 5423 2433 5489; x_wconf 90' lang='lat' dir='ltr'>Sed</span> <span class='ocrx_word' id='word_1_747' title='bbox 2476 5422 2661 5487; x_wconf 88' lang='lat' dir='ltr'>etiam</span> <span class='ocrx_word' id='word_1_748' title='bbox 2708 5422 2902 5500; x_wconf 72' lang='grc' dir='ltr'>σκοπὴ</span> <span class='ocrx_word' id='word_1_749' title='bbox 2940 5419 3167 5508; x_wconf 85' lang='lat' dir='ltr'>passim</span> <span class='ocrx_word' id='word_1_750' title='bbox 3209 5419 3484 5506; x_wconf 88' lang='lat' dir='ltr'>specula.</span> <span class='ocrx_word' id='word_1_751' title='bbox 3577 5418 3885 5484; x_wconf 77' lang='lat' dir='ltr'>Usitatior</span> <span class='ocrx_word' id='word_1_752' title='bbox 3913 5435 4005 5484; x_wconf 88' lang='lat' dir='ltr'>ta-</span> 
     </span>
     <span class='ocr_line' id='line_1_97' title="bbox 2306 5520 4004 5611; baseline -0.001 -23"><span class='ocrx_word' id='word_1_753' title='bbox 2306 5548 2449 5590; x_wconf 87' lang='lat' dir='ltr'>men</span> <span class='ocrx_word' id='word_1_754' title='bbox 2479 5525 2597 5589; x_wconf 91' lang='lat' dir='ltr'>hoc</span> <span class='ocrx_word' id='word_1_755' title='bbox 2630 5523 2980 5611; x_wconf 84' lang='lat' dir='ltr'>significatu</span> <span class='ocrx_word' id='word_1_756' title='bbox 3010 5545 3133 5587; x_wconf 85' lang='lat' dir='ltr'>vox</span> <span class='ocrx_word' id='word_1_757' title='bbox 3167 5522 3405 5586; x_wconf 85' lang='grc' dir='ltr'>σκοπιά.</span> <span class='ocrx_word' id='word_1_758' title='bbox 3470 5520 3615 5584; x_wconf 91' lang='lat' dir='ltr'>Vid.</span> <span class='ocrx_word' id='word_1_759' title='bbox 3644 5521 4004 5587; x_wconf 86' lang='lat' dir='ltr'>Hemsterh.</span> 
     </span>
    </p>
   </div>
   <div class='ocr_carea' id='block_1_4' title="bbox 5073 4774 5076 5981">
    <p class='ocr_par' dir='ltr' id='par_1_9' title="bbox 5073 4774 5076 5981">
     <span class='ocr_line' id='line_1_98' title="bbox 5073 4774 5076 5981; baseline 0 0"><span class='ocrx_word' id='word_1_760' title='bbox 5073 4774 5076 5981; x_wconf 95' lang='lat' dir='ltr'> </span> 
     </span>
    </p>
   </div>
  </div>
 </body>
</html>
