5118 6613
1358 535 1559 599 LIB.
1605 535 1705 600 11.
1758 534 2214 601 ENNEAD.
2263 534 2655 601 SEXTAE.
2698 558 2765 623 p.
2802 536 3242 616 1086—1114.

648 731 717 795 p.
750 720 936 793 1095,
965 727 1029 788 4.
1073 705 1246 771 Ἐπεὶ
1288 709 1395 772 οὖν
1434 709 1548 792 οὐχ
1589 707 1657 773 ἕν
1693 709 1924 797 φαμεν]
1974 709 2079 773 Ita
2119 707 2252 795 ple-

561 809 705 874 nius
732 832 811 874 ex
841 808 1083 896 aliquot
1109 807 1282 874 libris
1308 832 1452 874 cum
1486 810 1726 875 Ficino.
1776 810 1890 875 Ab
1918 809 2047 875 Ed.
2081 810 2257 875 abest

560 913 687 978 οὖν.

665 1039 729 1104 p.
768 1017 954 1101 1098,
998 1036 1053 1082 1.
1100 1018 1195 1082 καὶ
1238 1020 1314 1082 τὰ
1355 1019 1519 1082 ἄλλα
1561 1019 1774 1100 ἑφεξῆς
1818 1018 1913 1082 καὶ
1957 1018 2088 1083 ἔστι
2128 1017 2253 1083 διά-

560 1129 724 1201 φορα
752 1121 828 1183 τὰ
857 1121 1070 1201 ἐφεξῆς
1096 1118 1242 1202 πρὸς
1271 1121 1443 1209 αὐτὸ]
1497 1122 1600 1185 Ita
1627 1144 1747 1208 ope
1777 1120 1981 1186 Codd.
2011 1137 2254 1187 nostro-

560 1245 701 1286 rum
730 1221 1017 1286 lacunam
1038 1221 1441 1309 explevimus
1488 1224 1819 1311 Expressit
1839 1224 2054 1289 eadem
2082 1226 2258 1290 Mar-

558 1324 750 1389 silius.

646 1464 737 1479 —
762 1446 862 1492 10.
896 1426 990 1491 καὶ
1018 1427 1087 1491 τὸ
1115 1429 1423 1512 πολύχουν
1449 1433 1550 1509 τῆς
1577 1430 1845 1518 φύσεως]
1897 1431 2256 1519 Usurpatur

564 1530 700 1595 hoec
748 1553 873 1595 vox
923 1529 1173 1617 proprie
1222 1530 1303 1595 de
1349 1530 1540 1596 ubere
1590 1531 1821 1596 semine
1871 1532 1970 1597 vel
2017 1534 2253 1598 fructu.

564 1633 704 1698 Vid.
740 1631 1100 1697 Schneideri
1132 1632 1337 1698 Indic.
1367 1633 1431 1698 in
1464 1633 1887 1721 Theophrasti
1931 1638 2144 1723 Opera
2183 1659 2253 1723 p.

561 1738 729 1821 4853
767 1735 932 1801 adde
956 1735 1341 1801 Theodoret.
1363 1737 1503 1802 Vol.
1528 1738 1667 1802 ΙΙΙ.
1701 1761 1765 1825 p.
1783 1758 1937 1824 334.
1972 1738 2251 1804 Schulz.:

562 1841 870 1924 πολύχουν
900 1840 1144 1921 καρπόν.
1213 1838 1461 1904 Deinde
1489 1841 1570 1904 ad
1598 1840 1885 1928 quamvis
1911 1840 2258 1906 fecundita-

561 1959 687 2008 tem
716 1956 780 2007 et
807 1964 957 2006 vero
985 1942 1345 2007 varietatem
1376 1942 1747 2022 traducitur,
1781 1958 1855 2008 ut
1880 1943 2067 2009 etiam
2099 1944 2259 2009 Sub-

562 2045 900 2110 stantivum
930 2043 1247 2128 πολυχοέα.

649 2172 712 2236 p.
748 2166 935 2227 1100,
961 2167 1057 2232 13.
1109 2147 1204 2211 καὶ
1243 2147 1354 2227 τὴν
1390 2148 1527 2229 περὶ
1562 2153 1681 2212 τῶν
1721 2155 1917 2232 γενῶν
1942 2151 2049 2232 τὴν
2078 2152 2147 2215 ἐν
2173 2154 2255 2237 τῶ

563 2254 691 2315 ὄντι
736 2251 968 2334 ἔφαμεν
1010 2249 1296 2330 ἀλήθειαν
1339 2253 1610 2332 φανερὰν
1647 2251 1944 2338 ἔσεσθαι]
1998 2252 2256 2317 Ficinus

562 2353 826 2419 alterum
870 2354 978 2433 τὴν
1015 2368 1159 2439 post
1198 2359 1393 2435 γενῶν
1419 2354 1827 2419 commutavit
1853 2354 1917 2420 in
1947 2362 2065 2420 τῶν
2097 2356 2255 2438 (vid.

566 2479 693 2521 var.
729 2455 932 2540 lect.):
967 2453 1199 2519 Nullus
1228 2453 1384 2519 liber
1413 2455 1813 2542 suffragatur,
1844 2470 1908 2521 et
1935 2456 2089 2522 solet
2113 2457 2259 2522 Plo-

566 2558 737 2623 tinus
763 2557 1153 2636 Articulum,
1188 2557 1298 2622 ubi
1325 2558 1376 2622 is
1402 2581 1442 2622 a
1470 2582 1585 2622 suo
1617 2559 2023 2625 Substantivo
2056 2560 2254 2649 pluri·

565 2662 685 2726 bus
711 2659 1047 2748 interjectis
1075 2660 1478 2748 disjungitur,
1507 2677 1805 2750 repetere.

635 2801 724 2814 —-
742 2779 837 2846 17.
871 2763 1109 2847 ἔρχεται
1135 2766 1202 2827 δὲ
1232 2766 1306 2828 τὰ
1332 2763 1527 2828 πάντα
1556 2767 1619 2844 ἐξ
1651 2763 1857 2846 ἑνὸς,ἢ
1878 2766 2259 2832 παντάπασιν

568 2869 631 2946 ἐξ
660 2865 811 2939 ἑνὸς,
841 2863 879 2944 ἢ
913 2865 1058 2948 ἔξει]
1107 2864 1426 2929 Vocabula
1452 2865 1895 2953 insignioribus
1920 2866 2112 2933 literis
2148 2891 2255 2933 ex·

566 2991 776 3056 pressa
800 2990 946 3032 cum
978 2968 1114 3032 Fic.
1143 2991 1221 3032 ex
1250 2967 1533 3056 plurimis
1564 2969 1767 3034 Codd.
1797 2970 2157 3058 adjecimus.

649 3094 717 3159 p.
752 3092 940 3149 1101,
977 3091 1078 3152 14.
1124 3071 1193 3135 τὸ
1239 3071 1391 3136 εἶναι
1434 3076 1514 3158 τῶ
1561 3075 1710 3160 λίθῳ
1754 3074 1830 3154 ἦν
1874 3074 1944 3138 οὗ
1989 3073 2058 3138 τὸ
2109 3073 2261 3138 εἶναι

568 3178 731 3240 ἀλλὰ
757 3175 826 3240 τὸ
854 3177 1003 3261 λίθῳ
1050 3175 1230 3264 εἶναι]
1282 3176 1383 3240 Sic
1427 3176 1640 3264 scripsi
1678 3200 1822 3242 cum
1866 3177 2045 3242 bonis
2086 3177 2261 3243 libris

569 3302 684 3367 pro
704 3284 786 3368 τῷ
816 3279 969 3345 εἶναι
996 3283 1159 3345 ἀλλὰ
1186 3284 1265 3367 τῷ
1294 3287 1352 3344 λ.
1380 3281 1431 3345 ἐ.
1461 3293 1524 3345 et
1551 3280 1836 3368 proxime
1863 3279 1952 3364 ἆρ’
1973 3282 2081 3346 οὖν
2102 3281 2259 3346 ἄλλο

569 3385 636 3447 τὸ
667 3384 820 3449 εἶναι
845 3405 963 3470 pro
993 3381 1082 3465 ἆρ’
1113 3384 1221 3448 οὖν
1249 3385 1405 3447 ἄλλο
1437 3384 1606 3448 εἶναι.

667 3507 735 3574 p.
774 3505 965 3564 1102,
1000 3505 1098 3566 14.
1156 3487 1250 3550 καὶ
1300 3488 1367 3550 ἓν
1419 3490 1623 3573 ἑαυτῷ,
1669 3487 1817 3569 πρὸς
1866 3489 1931 3551 δὲ
1981 3491 2057 3552 τὰ
2099 3488 2262 3552 ἄλλα

571 3591 797 3673 πολλὰ]
852 3589 959 3653 Ita
1000 3587 1214 3677 scripsi
1250 3612 1395 3653 cum
1438 3589 1597 3654 cod.
1633 3589 1814 3654 Med.
1845 3591 1931 3654 A.
1966 3605 2030 3654 et
2060 3589 2257 3654 Ficin.

572 3692 748 3758 Edit.
779 3691 969 3757 habet
997 3693 1093 3756 καὶ
1122 3694 1190 3755 ἑν
1222 3695 1427 3778 ἑαυτῷ.
1519 3691 1631 3756 Ad
1663 3691 1984 3778 sequentia
2008 3691 2259 3771 adhibe,

571 3819 714 3883 quae
743 3794 1087 3882 disputavit
1115 3793 1520 3881 philosophus
1559 3811 1765 3859 noster
1792 3795 2083 3860 Ennead.
2116 3797 2256 3861 III.

573 3897 679 3964 lib.
702 3898 908 3961 VIII.
939 3897 1072 3979 περὶ
1101 3899 1338 3978 φύσεως
1367 3897 1462 3960 καὶ
1491 3899 1735 3979 θεωρίας
1765 3898 1860 3961 καὶ
1888 3903 1993 3962 τοῦ
2023 3899 2175 3965 ἑνός.

657 4025 717 4088 p.
750 4020 937 4086 1103,
967 4019 1063 4084 15.
1099 3997 1323 4066 Ὀντος
1349 4003 1461 4079 μὲν
1491 4000 1559 4078 δὴ
1590 4003 1712 4080 εἴδη
1736 4003 1963 4085 πολλὰ]
2018 4001 2120 4064 Ita
2148 4023 2260 4088 po-

573 4104 667 4170 sui
695 4126 839 4169 cum
870 4102 1005 4168 Fic.
1040 4117 1103 4168 et
1130 4100 1302 4166 libris
1331 4100 1607 4189 probatis
1649 4124 1767 4188 pro
1805 4104 2009 4169 ὄντως.
2099 4103 2262 4166 Mox

569 4207 614 4272 l.
637 4228 700 4293 9.
731 4229 875 4272 cum
907 4205 1042 4271 Fic.
1086 4221 1152 4270 et
1189 4207 1427 4270 Marce.
1463 4206 1634 4269 A.B.
1684 4203 1830 4269 dedi
1875 4206 2106 4289 ἐπινοίᾳ
2147 4226 2266 4293 pro

573 4314 827 4376 ἐπίνοια.
872 4308 1121 4373 Deinde
1150 4309 1237 4373 D.
1271 4308 1314 4372 l.
1344 4326 1401 4373 2.
1433 4309 1800 4389 ἀτοπώτερος
1828 4307 1903 4371 ἂν
1934 4309 2022 4387 εἴη
2050 4311 2157 4370 τοῦ
2183 4307 2264 4387 μὴ

575 4417 804 4495 κίνησιν
833 4414 1109 4479 διδόντος.
1201 4413 1302 4476 Ita
1339 4434 1419 4475 ex
1450 4409 1622 4474 libris
1664 4408 1901 4474 correxi
1933 4408 2264 4496 vulgatum

573 4519 796 4591 δόντος,
827 4528 891 4580 et
919 4513 1230 4602 praecessit
1259 4513 1543 4602 proxima
1569 4513 1732 4578 linea
1761 4511 2089 4594 ἑπεισάγοι.

657 4642 720 4707 p.
751 4636 907 4695 1104
920 4665 941 4697 ,
969 4638 1067 4681 11.
1114 4620 1261 4681 κατὰ
1302 4617 1487 4680 ταύτὰ
1530 4617 1626 4680 καὶ
1670 4615 1973 4698 ὡσαύτως]
2024 4614 2103 4678 In
2148 4614 2266 4680 hac

572 4720 843 4786 formula
868 4717 1254 4809 philosophis
1275 4720 1422 4784 trita
1448 4718 1594 4783 alibi
1625 4716 1938 4782 solennius
1965 4731 2084 4780 est:
2120 4720 2268 4782 κατὰ

574 4828 648 4889 τὰ
676 4824 827 4889 αὐτὰ
851 4822 1111 4887 docente
1129 4821 1584 4910 Wyttenbach.
1607 4820 1688 4884 ad
1710 4819 2015 4885 Phaedon.
2037 4842 2105 4907 p.
2124 4821 2263 4906 198.

574 4928 680 4992 ubi
710 4927 791 4991 de
817 4926 934 4990 hac
960 4924 1233 4989 formula
1259 4925 1411 5012 agit.
1670 4913 1679 4920 ⁸

656 5066 745 5079 —
779 5048 879 5114 19.
927 5029 1022 5092 καὶ
1064 5028 1172 5108 τὴν
1215 5029 1432 5093 στάσιν
1471 5032 1803 5112 χωριοΰμεν
1844 5026 2052 5114 αὐτοῦ]
2100 5024 2269 5089 Dedi

575 5132 791 5196 στάσιν
816 5152 938 5223 pro
966 5131 1261 5196 σύστασιν
1286 5154 1362 5196 ex
1391 5130 1676 5218 plurimis
1707 5129 1909 5196 Codd.
1991 5128 2102 5193 Ad
2132 5127 2268 5194 haec

573 5250 636 5299 et
665 5232 984 5322 sequentia
1012 5233 1324 5321 pertinent
1354 5257 1447 5314 ea,
1469 5256 1613 5321 quae
1637 5233 1823 5298 Plato
1851 5233 2114 5320 ejusque
2143 5255 2269 5297 sec-

575 5351 801 5402 tatores
838 5335 918 5400 de
946 5336 1228 5424 quinque
1269 5360 1477 5402 rerum
1521 5337 1854 5425 generibus
1896 5349 2261 5424 posuerunt.

576 5442 679 5504 De
720 5439 953 5526 quibus
998 5438 1415 5504 consulendus
1458 5456 1551 5505 est
1599 5439 2002 5505 Parmenides
2035 5438 2267 5526 aliique

574 5540 823 5629 dialogi.
904 5541 1006 5607 Cf.
1037 5541 1223 5608 etiam
1255 5541 1551 5608 Proclum
1580 5542 1644 5608 in
1677 5541 1957 5608 Platonis
1986 5541 2265 5608 Theolo-

668 5651 859 5703 VOL.
896 5651 1025 5702 111.

3914 555 4043 626 345

2337 707 2506 796 giam
2539 709 2615 773 V.
2649 708 2756 794 38.
2785 728 2889 794 39.
2919 732 2987 796 p.
3011 728 3158 794 329.
3192 731 3330 796 sqq.
3375 720 3438 772 et
3470 707 3760 775 Ficinum
3789 709 3858 775 in
3886 711 4038 778 Pla·

2340 811 2503 876 tonis
2532 810 2850 876 Timaeum
2880 835 2936 875 c.
2958 831 3065 898 32.

2426 937 2492 1002 p.
2520 933 2707 1000 1105,
2741 932 2804 996 7.
2850 914 2970 995 ἅμα
3010 916 3075 978 δὲ
3115 920 3247 979 νοεῖ
3280 914 3376 979 καὶ
3409 917 3661 996 τίθησιν,
3694 919 3859 999 εἴπερ
3889 924 4035 994 νοεῖ,

2342 1018 2437 1082 καὶ
2488 1019 2675 1091 ἔστιν,
2727 1019 2891 1099 εἴπερ
2942 1017 3264 1105 νενόηται]
3332 1016 3717 1083 Addidimus
3767 1033 4041 1107 quatuor

2342 1121 2648 1186 vocabula
2674 1143 2752 1184 ex
2778 1119 2959 1184 bonis
2985 1118 3182 1196 libris,
3213 1142 3359 1205 quae
3386 1119 3468 1184 ab
3489 1120 3616 1185 Ed.
3645 1121 3898 1202 absunt,
3923 1145 4039 1188 nec

2341 1223 2645 1311 expressit
2664 1222 2800 1288 Fic.
2850 1220 3127 1288 Proinde
3153 1220 3217 1285 in
3248 1221 3528 1287 versione
3554 1223 3921 1311 adjecimus:
3956 1227 4040 1292 Si

2340 1323 2518 1388 modo
2559 1324 2886 1411 intellig-it,
2931 1332 2992 1387 et
3033 1332 3204 1388 sunt.
3297 1323 3591 1388 Proxime
3617 1324 3657 1390 l.
3682 1346 3748 1407 4.
3780 1327 4040 1393 Ficinus

2339 1425 2608 1490 correxit
2636 1443 2699 1490 et
2727 1424 3035 1490 mutavit:
3081 1423 3119 1505 ἢ
3151 1426 3318 1491 ἔστιν
3348 1428 3506 1491 ἀῦλα
3535 1450 3651 1515 pro
3679 1428 3816 1494 ἀλλ’
3849 1431 4036 1505 ἔστιν,

2340 1545 2403 1594 et
2430 1528 2588 1593 illud
2621 1527 3032 1594 necessarium
3064 1528 3352 1605 videtur3
3402 1529 3510 1595 sed
3556 1530 3687 1595 sine
3721 1531 3899 1598 libris
3936 1557 4038 1598 re-

2339 1632 2545 1721 cipere
2588 1655 2713 1697 non
2758 1655 2976 1696 sumus
3018 1631 3172 1697 ausi.
3259 1632 3511 1697 Deinde
3540 1635 3622 1698 B.
3667 1632 3708 1698 l.
3745 1634 3801 1698 8.
3834 1658 3913 1721 9:
3959 1637 4040 1717 μὴ

2343 1738 2567 1816 ὄμμασι
2595 1738 2821 1803 τούτοις
2849 1735 3134 1818 δεδορκὸς
3162 1737 3303 1819 ὁρᾶς
3340 1737 3410 1815 δὴ
3448 1737 3654 1805 οὐσίας
3685 1740 3910 1814 ἑστίαν,
3945 1740 4040 1803 καὶ

2343 1844 2469 1920 φῶς
2500 1841 2568 1903 ἓν
2597 1839 2772 1925 αὐτῷ,
2806 1840 3034 1903 ἄϋπνον
3063 1839 3159 1902 καὶ
3188 1840 3264 1906 ὣς
3293 1838 3543 1919 ἕστηκεν
3573 1843 3640 1904 ἐν
3670 1843 3843 1928 αὐτῷ.
3918 1843 4037 1907 So·

2343 1941 2442 2006 lus
2472 1943 2681 2007 Marc.
2714 1942 2801 2006 A.
2832 1940 3023 2006 habet
3050 1964 3192 2005 cum
3228 1943 3408 2006 Mon.
3445 1943 3522 2007 C.
3568 1942 3761 2007 habet
3802 1948 3929 2026 φῶς
3973 1947 4042 2010 ἐν

2345 2044 2509 2125 αὐτῇ,
2540 2044 2712 2131 quod
2752 2042 2895 2108 solis
2932 2043 3029 2108 his
3067 2044 3545 2110 auctoritatibus
3581 2043 3898 2110 noluimus
3940 2070 4040 2111 re-

2341 2145 2546 2235 cipere
2602 2162 2862 2234 propter
2908 2147 3301 2234 frequentem
3357 2147 3420 2211 in
3481 2148 3579 2212 his
3628 2149 4042 2215 Enneadibus

2339 2249 2582 2335 generis
2611 2249 2978 2337 Enallagen.
3071 2252 3371 2315 Ceterum
3414 2250 3515 2316 hic
3557 2251 3730 2316 locus
3771 2251 4038 2317 colorem

2341 2351 2529 2432 duxit
2576 2376 2652 2417 ex
2706 2352 2855 2417 locis
2906 2351 3218 2418 Platonis:
3275 2353 3522 2419 Timoeo
3568 2377 3632 2441 p.
3666 2373 3775 2439 33.
3827 2377 3891 2441 p.
3925 2374 4033 2440 30.

2344 2454 2549 2519 Bekk.
2587 2456 2697 2538 (cf.
2735 2455 2968 2522 Plotin.
2999 2478 3061 2543 p.
3086 2474 3235 2539 417.
3260 2456 3380 2540 D.)
3416 2455 3691 2521 Phoedro
3718 2479 3782 2543 p.
3809 2476 3957 2540 247.
3979 2481 4033 2522 a.

2341 2579 2405 2644 p.
2435 2578 2541 2639 41.
2576 2557 2780 2623 Bekk.
2824 2558 2932 2641 (cf.
2967 2557 3199 2623 Plotin.
3234 2582 3297 2646 p.
3320 2579 3468 2646 419.
3500 2559 3677 2643 infr.)
3708 2575 3771 2624 et
3801 2560 4036 2625 Convi-

2343 2659 2446 2725 vio
2472 2683 2535 2748 p.
2567 2680 2792 2728 212.a.
2825 2685 2890 2749 Ρ.
2910 2663 3065 2743 446.
3098 2660 3301 2726 Bekk.

2430 2785 2496 2850 p.
2524 2778 2713 2848 1107,
2754 2783 2852 2829 12.
2896 2766 3044 2847 ὅπερ
3072 2766 3145 2830 ὅν
3173 2765 3284 2853 τι·]
3334 2764 3466 2829 Fic.
3497 2765 3800 2853 expressit
3838 2768 4038 2849 ὥσπερ

2344 2889 2463 2954 pro
2489 2868 2659 2950 ὅπερ.

2431 2992 2498 3056 p.
2536 2972 2724 3049 1108,
2761 2989 2823 3056 7.
2875 2972 3205 3055 ἀδιάφορον
3254 2969 3326 3036 ὃν
3375 2974 3582 3060 αὑτοῦ]
3649 2972 3755 3036 Ita
3800 2971 4042 3036 correxi

2345 3095 2465 3159 pro
2491 3073 2687 3137 αὺτοῦ.

2429 3197 2500 3262 p.
2531 3195 2559 3238 1
2577 3194 2719 3257 109,
2750 3190 2816 3261 5.
2850 3175 3129 3259 ἑκάτερόν
3158 3203 3292 3242 τινα
3320 3178 3508 3260 φύσιν
3533 3176 3728 3262 λέγει]
3770 3177 3870 3242 Sic
3897 3201 4040 3265 par-

2347 3276 2457 3342 tim
2487 3299 2632 3343 cum
2666 3277 2802 3343 Fic.
2833 3278 3070 3367 scripsi,
3093 3279 3321 3367 partim
3350 3302 3494 3345 cum
3528 3279 3735 3345 Codd.
3766 3303 3884 3369 pro
3911 3280 4044 3347 ἑκό-

2348 3407 2521 3463 τερον
2547 3383 2684 3446 τίνα
2710 3377 2896 3463 φύσιν
2923 3381 3116 3465 λέγοι.

2432 3508 2497 3572 Ρ.
2527 3504 2556 3547 1
2577 3504 2716 3563 110,
2743 3498 2811 3569 5.
2859 3485 3016 3548 ὥστε
3049 3484 3118 3548 ἓν
3148 3486 3420 3557 ἐνταῦθα,
3453 3485 3530 3552 ὥς
3570 3485 3821 3567 στρατὸς
3856 3483 3894 3565 ἢ
3931 3512 4039 3570 χο-

2345 3587 2500 3675 ρός·]
2550 3588 2741 3650 Hanc
2786 3585 3251 3650 similitudinem
3295 3583 3442 3649 alibi
3486 3610 3739 3673 quoque
3781 3602 4043 3676 usurpat

2349 3686 2656 3753 Plotinus.
2761 3687 3099 3753 Exercitus
3148 3687 3610 3753 similitudinem
3663 3690 3726 3754 in
3780 3690 3917 3756 loco
3960 3691 4040 3756 de

2349 3790 2698 3879 Categoriis
2745 3805 3007 3879 usurpat
3058 3790 3392 3880 Dexippus
3438 3798 3556 3857 τῶν
3601 3796 3683 3861 εἰς
3728 3796 3833 3862 τὰς
3876 3793 4040 3877 Ἀρι-

2350 3894 2672 3961 στοτέλους
2714 3896 3062 3977 κατηγορίας
3104 3897 3363 3977 ἀποριῶν
3404 3920 3470 3960 τε
3515 3896 3609 3959 καὶ
3651 3897 3890 3961 λύσεων
3930 3921 4039 3962 ex-

2347 3995 2527 4060 ordio
2554 3996 2697 4061 libri
2726 3996 2981 4061 secundi
3015 3999 3262 4081 (MScr.
3284 3997 3586 4062 Laurent.
3614 3997 3850 4063 Medic.
3875 4000 4039 4065 Cod.

2352 4099 2762 4186 XXXIII.)
2798 4124 2813 4165 ε
2869 4098 3004 4184 'Ap’
3052 4102 3160 4165 οὖν
3209 4106 3332 4169 τοῖς
3385 4101 3483 4165 ἐπὶ
3531 4104 3840 4183 στρατείας
3891 4102 4042 4191 (leg.

2351 4207 2657 4289 στρατιᾶς)
2693 4203 2884 4269 ἔοικεν
2911 4205 2950 4285 ἦ
2979 4206 3296 4287 διαίρεσις;
3345 4205 3474 4268 οἷον
3500 4209 3622 4271 τοῖς
3651 4208 3799 4269 κατὰ
3824 4207 4044 4290 λόχους

2350 4305 2843 4388 συντεταγμένοις
2870 4333 2919 4371 κ.
2946 4333 3002 4372 τ.
3021 4315 3085 4370 λ.

2421 4409 2585 4473 -8.
2612 4407 2737 4475 καθ’
2761 4410 3311 4491 οἷν-ἀληθεύσεται
3337 4409 3406 4473 τὸ
3434 4409 3532 4499 ἓν]
3565 4410 3668 4474 Ita
3696 4409 3875 4496 posui
3896 4433 4042 4475 cum

2350 4510 2486 4576 Fic.
2532 4526 2597 4575 et
2639 4525 2911 4599 quatuor
2942 4510 3150 4576 Codd.
3196 4525 3262 4575 et
3304 4511 3590 4599 sequitur
3630 4511 3819 4578 ἔσται.
3910 4515 4040 4580 Ed.

2351 4614 2703 4694 ἀληθεύεται
2731 4613 2916 4678 etiam
2946 4614 3066 4678 hoc
3097 4614 3254 4678 loco.

2437 4740 2501 4804 p.
2535 4736 2563 4779 1
2581 4736 2648 4780 11
2667 4736 2722 4795 1,
2760 4717 2859 4780 18.
2904 4716 2971 4781 τὸ
2998 4716 3197 4782 κοινὸν
3224 4717 3319 4781 καὶ
3349 4717 3417 4781 ἓν
3442 4720 3716 4804 πολλοῖς]
3769 4720 3903 4785 Fic.
3935 4744 4043 4786 ex-

2350 4819 2576 4906 pressit
2616 4818 2685 4883 τὸ
2725 4819 2925 4885 κοινὸν
2953 4821 3021 4885 ἓν
3050 4822 3119 4885 ἑν
3145 4826 3415 4895 πολλοῖς,
3448 4844 3592 4907 quae
3622 4844 3768 4886 vera
3794 4821 4043 4892 videtur

2350 4920 2535 4988 lectio
2556 4945 2710 4987 esse.

2434 5048 2500 5113 p.
2532 5045 2721 5105 1112,
2759 5046 2856 5107 14.
2887 5024 3023 5109 Ἆρ’
3057 5028 3163 5091 οὖν
3193 5028 3260 5091 ἐν
3290 5025 3546 5112 ἑκάστῳ]
3594 5024 3840 5090 Addidi
3871 5029 3939 5091 ἐν
3965 5051 4043 5093 ex

2350 5127 2643 5217 pluribus
2667 5127 2841 5193 libris
2875 5150 3018 5193 cum
3051 5129 3294 5208 Ficino‚
3323 5143 3387 5193 et
3413 5127 3475 5192 in
3508 5127 3739 5193 Latina
3765 5130 4044 5195 versione
4185 5177 4189 5181 Δ

2353 5255 2433 5296 ex
2476 5230 2575 5295 ed.
2607 5254 2739 5320 pre.
2787 5231 3066 5296 correxi:
3127 5232 3190 5296 in
3236 5232 3500 5321 quolibet
3542 5254 3694 5319 pro:
3746 5231 3810 5296 in
3853 5235 4046 5320 quod-

2352 5335 2515 5400 libet.

2436 5460 2505 5525 p.
2534 5458 2558 5501 1
2578 5456 2721 5519 114,
2756 5455 2813 5502 2.
2863 5438 2960 5503 καὶ
2987 5437 3056 5502 ἓν
3084 5438 3237 5524 αὐτῷ
3267 5439 3345 5506 ὧς
3373 5438 3529 5523 ἀρχὴ
3570 5438 3664 5503 καὶ
3691 5437 3895 5527 τέλος]
3946 5439 4050 5505 Ita

2351 5563 2496 5606 cum
2527 5539 2655 5604 Ed.
2684 5538 2891 5606 Codd.
2919 5562 3168 5605 omnes:
3205 5547 3250 5581 ‘⁶
3272 5555 3333 5606 et
3363 5564 3562 5607 unum
3588 5542 3718 5629 ipsi
3749 5542 3859 5624 (sc.
3889 5543 4047 5630 enti)
4095 5575 4101 5580 ·

2519 5648 2666 5723 Yy
