5118 6613
1428 560 1622 626 LIB.
1671 560 1750 626 v.
1796 561 2259 626 ENNEAD.
2310 561 2770 639 QU1NTAE.
2811 583 2878 647 p.
2909 561 3269 644 965-971.

614 733 784 799 tiam.
876 734 1042 798 Nam
1086 733 1242 799 alter
1286 732 1555 798 Basilius
1585 739 1832 817 κρηπῖδα
1858 732 2129 821 explicat
2166 737 2308 798 ὑπο-

611 837 848 918 βάθραν
891 855 953 901 et
998 837 1278 918 θεμέλιον
1318 836 1385 901 in
1443 834 1752 902 Stelitent.
1803 836 2097 924 Gregorii
2151 839 2313 901 Naz.

614 940 755 1004 Vid.
804 939 1169 1007 Boissonad.
1224 940 1287 1004 in
1334 940 1591 1007 Notices
1634 956 1698 1005 et
1741 940 2027 1006 Extraits
2072 941 2208 1006 XI.
2245 959 2306 1006 2.

614 1066 680 1129 p.
721 1064 860 1109 110.
892 1058 956 1110 et
998 1067 1064 1132 p.
1103 1063 1246 1128 135.
1292 1045 1523 1108 Petrus
1565 1043 1923 1132 Episcopus
1959 1067 2061 1132 ap.
2100 1043 2312 1108 Theo-

616 1145 817 1212 doret.
839 1146 1083 1212 Eccles.
1116 1146 1359 1212 Histor.
1389 1147 1503 1211 IV.
1543 1166 1642 1230 19.
1673 1169 1739 1234 p.
1767 1149 1912 1232 989.
1948 1146 2200 1212 Schulz.
2231 1146 2313 1211 de

613 1249 818 1315 Lucio
871 1249 1158 1316 Ariano:
1236 1252 1304 1315 ἐν
1362 1255 1590 1333 κρηπῖδι
1642 1254 1860 1329 σκηνῆς
1919 1249 2189 1324 ἀτάκτου,
2246 1248 2311 1313 in

609 1352 876 1440 pulpito.
942 1352 1123 1417 Idem
1157 1352 1545 1417 Theodoret.
1582 1353 1817 1431 Quaest.
1850 1351 1912 1415 in
1938 1352 2210 1417 Genesin
2246 1353 2305 1416 I.

617 1476 715 1542 19.
746 1480 811 1545 p.
843 1477 922 1538 24
942 1455 1213 1536 ε-μάλα
1241 1457 1478 1523 εἰκότως
1498 1456 1594 1519 καὶ
1623 1454 1807 1534 αὐτὴν
1829 1458 1936 1518 τοῦ
1963 1454 2175 1537 γένους
2200 1455 2310 1535 τὴν

618 1565 864 1641 κρηπῖδα
900 1562 1065 1639 τιμῆς
1108 1558 1392 1641 μεγίστης
1430 1559 1648 1637 ἠξίωσε
1690 1558 1904 1640 (θεός)·
1957 1556 2067 1621 ubi
2109 1559 2310 1651 κρηπὶς

610 1666 715 1726 τοῦ
740 1661 952 1744 γένους
978 1676 1073 1726 est
1099 1662 1484 1738 humanitas,
1517 1661 1798 1723 humana
1821 1670 2082 1726 natura.
2172 1661 2307 1724 Lo·

614 1763 831 1851 quitur
858 1763 1022 1828 enim
1068 1763 1148 1828 de
1193 1762 1447 1829 Christo
1480 1761 1816 1826 humanam
1860 1777 2147 1826 naturam
2176 1786 2309 1827 sor-

615 1867 751 1945 tito,
786 1866 1066 1932 Tralatae
1094 1880 1303 1931 autem
1352 1864 1816 1953 significationis
1856 1888 2041 1929 usum
2084 1865 2231 1930 inde
2272 1889 2312 1931 a

615 1970 884 2036 Pindaro
905 1972 1170 2057 (Fragg.
1213 1972 1353 2054 196.
1379 1972 1544 2054 (93.)
1577 1993 1638 2056 p.
1663 1969 1811 2054 658.
1835 1968 2146 2053 Boeckh.)
2165 1984 2309 2056 post

614 2073 958 2139 Victorium
978 2071 1160 2137 multi
1178 2071 1570 2136 illustrarunt
1591 2072 1801 2155 (Varr.
1820 2073 2305 2137 Lectt.XVIII.

612 2181 732 2261 9.).
774 2175 1105 2265 Wyttenb.
1146 2174 1229 2239 ad
1272 2173 1595 2239 Plutarch.
1636 2174 1717 2238 de
1756 2176 1823 2239 S.
1847 2176 2031 2239 N.V.
2061 2198 2127 2262 p.
2158 2194 2305 2261 351.

606 2280 706 2345 ed.
778 2280 984 2345 Oxon.
1044 2293 1109 2344 et
1181 2277 1261 2342 de
1337 2280 1508 2342 Sent.
1567 2278 1841 2343 Profect.
1900 2278 1962 2342 in
2022 2278 2179 2343 Virt.
2242 2302 2305 2367 p.

611 2387 715 2449 60.
749 2407 840 2470 sq.
880 2386 1028 2447 Ast.
1056 2381 1138 2446 ad
1169 2380 1415 2446 Platon.
1442 2380 1523 2445 de
1553 2383 1747 2468 Legg.
1781 2405 1842 2470 p.
1871 2398 2018 2467 253.
2050 2382 2313 2446 Werns-

609 2487 778 2551 dorf.
807 2485 889 2551 ad
939 2483 1210 2550 Himerii
1238 2483 1460 2571 Eclog.
1494 2485 1588 2549 X.
1632 2503 1728 2548 10.
1758 2508 1825 2572 p.
1865 2486 2007 2565 184.
2038 2498 2102 2548 et
2143 2487 2306 2550 Kra-

609 2588 831 2677 binger
869 2588 948 2652 ad
991 2587 1319 2676 Synesium
1350 2587 1432 2651 de
1461 2588 1690 2674 Regno
1719 2588 1815 2651 X.
1847 2609 1913 2673 p.
1946 2605 2094 2652 200.
2128 2611 2308 2675 sq.—

612 2692 799 2771 Quod
846 2691 1134 2757 Plotinus
1176 2691 1239 2755 in
1272 2714 1441 2778 seqq.
1490 2690 1554 2754 in
1598 2713 1832 2778 pompa
1869 2689 1974 2755 illa
2017 2689 2305 2779 intelligi-

607 2795 825 2861 bilium
860 2795 1377 2884 superiorumque
1406 2793 1643 2859 entium
1691 2792 2095 2858 describenda
2122 2794 2306 2877 μεγά-

606 2908 719 2964 λου
761 2897 1068 2980 βασιλέως
1111 2896 1515 2963 similitudine
1560 2896 1802 2961 utitur:
1851 2894 2199 2961 invaluerat
2236 2919 2311 2961 ea

610 3018 792 3068 aetate
852 3001 1241 3067 Persicarum
1288 3023 1499 3064 rerum
1542 3023 1755 3064 recens
1798 2999 2018 3064 notitia
2061 3015 2125 3064 et
2176 2999 2309 3087 ipse

609 3121 817 3168 noster
845 3103 1255 3192 philosophus
1299 3117 1548 3167 secutus
1591 3115 1725 3166 erat
1761 3116 1965 3166 castra
1999 3099 2306 3167 Gordiani

607 3206 670 3271 in
701 3205 866 3271 bello
909 3205 1158 3271 Persico
1196 3216 1352 3269 teste
1390 3203 1750 3291 Porphyrio
1789 3202 1851 3267 in
1896 3202 2064 3268 illius
2094 3203 2223 3269 vita
2251 3229 2305 3270 c.

607 3310 807 3375 tertio.
900 3309 1022 3375 Sed
1070 3309 1241 3374 haud
1282 3308 1475 3373 dubie
1504 3306 1769 3373 colorem
1802 3306 1988 3373 duxit
2019 3306 2309 3374 Plotinus

607 3437 689 3479 ex
730 3413 1040 3479 celebrato
1077 3411 1215 3477 loco
1261 3411 1534 3478 Platonis
1562 3411 1624 3475 in
1659 3410 1933 3476 Phaedro
1964 3435 2027 3496 p.
2060 3414 2223 3492 246:
2272 3415 2306 3476 ὅ

609 3520 672 3582 δὲ
700 3516 887 3600 μέγας
912 3517 1149 3599 ἡγεμὼν
1180 3518 1248 3579 ἐν
1270 3515 1498 3601 οὐρανῷ
1522 3514 1670 3582 Ζεὺς
1697 3514 1921 3595 πτηνὸν
1946 3514 2102 3595 ἅρμα
2132 3516 2307 3580 ἐλαύ·

609 3645 728 3684 νων
755 3624 983 3701 πρῶτος
1027 3619 1361 3699 πορεύεται,
1402 3630 1466 3682 et
1515 3616 1776 3704 Jupiter
1818 3616 1882 3679 in
1919 3617 2042 3681 fine
2083 3616 2306 3705 capitis

608 3746 921 3789 summum
981 3723 1160 3788 illum
1220 3722 1409 3787 deum
1484 3721 1710 3786 imitari
1768 3721 2001 3787 dicitur
2057 3745 2097 3787 a
2154 3722 2306 3788 Plo·

606 3843 752 3892 tino.

688 3954 753 4018 p.
786 3930 935 4016 968,
967 3949 1028 4014 3.
1091 3930 1383 4008 βασιλεὺς
1429 3928 1736 4010 βασιλέως
1788 3930 1884 3993 καὶ
1931 3928 2306 4012 βασιλέων,]

607 4034 835 4121 Attigit
861 4032 926 4097 iu
954 4031 1334 4097 Parthorum
1367 4032 1555 4118 regiis
1585 4031 1782 4096 titulis
1810 4032 2102 4112 βασιλεὺς
2121 4039 2304 4113 βασι-

602 4136 761 4201 λέων
786 4136 851 4199 in
882 4134 1104 4199 numis.
1135 4133 1505 4220 explicando
1525 4133 1641 4197 has
1668 4133 2128 4198 Platonicorum
2155 4133 2300 4221 phi·

603 4237 1004 4325 losophorum
1023 4236 1324 4301 formulas
1355 4237 1593 4302 Ezech.
1617 4236 2033 4325 Spanhemius
2054 4237 2134 4301 de
2158 4240 2301 4304 Usu

602 4357 663 4407 et
714 4343 1048 4405 Praestant.
1099 4340 1474 4405 Numismm.
1517 4339 1654 4405 Vol.
1701 4341 1758 4404 1.
1797 4339 1943 4405 diss.
1992 4342 2199 4406 VIII.
2231 4365 2296 4429 p.

597 4447 742 4526 461.
777 4467 870 4531 sq.
903 4466 1015 4507 nec
1056 4443 1393 4509 Plotiniani
1420 4443 1613 4531 hujus
1641 4443 1758 4508 loci
1788 4442 2037 4508 oblitus.

678 4584 769 4599 —
793 4567 860 4629 4.
905 4549 939 4611 ὀ
986 4546 1327 4627 Ζεὺς-τὴν
1360 4551 1465 4610 τοῦ
1509 4549 1722 4611 ἑαυτοῦ
1756 4546 1976 4629 πατρὸς
2011 4549 2116 4611 οὗκ
2152 4549 2296 4612 ἀνα-

600 4653 896 4735 σχόμενος
925 4653 1194 4731 θεωρίαν,
1228 4652 1391 4714 ἆλλᾶ
1419 4650 1527 4729 τὴν
1555 4654 1661 4713 τοῦ
1709 4650 2103 4735 προπάτορος]
2159 4651 2295 4715 Ob-

596 4767 920 4819 versantur
961 4752 1026 4816 h.
1055 4752 1100 4817 l.
1142 4751 1394 4816 Plotino
1435 4751 1670 4817 fabulae
1713 4776 1752 4816 a
1793 4752 2178 4841 philosophis
2215 4743 2294 4817 ad

593 4873 835 4923 naturae
879 4877 1025 4920 cum
1084 4854 1390 4919 universae
1451 4871 1585 4920 tum
1644 4855 1938 4918 humanae
1993 4854 2295 4919 rationem

595 4958 1021 5049 explicandam
1069 4957 1390 5023 adhibitae.
1481 4960 1767 5036 Quarum
1809 4956 2291 5044 explicationum

595 5067 735 5132 fons
762 5077 966 5129 exstat
1002 5065 1067 5128 in
1112 5062 1376 5151 Cratylo
1406 5062 1752 5141 Platonico,
1786 5060 1896 5126 ubi
1943 5057 2102 5125 Coeli
2136 5061 2287 5143 (Οὗ-

592 5170 805 5251 ρανοΰ)
836 5181 899 5231 et
931 5166 1184 5231 Saturni
1221 5168 1505 5248 (Κρόνου)
1542 5180 1605 5229 et
1632 5166 1679 5228 J
1682 5163 1815 5230 ovis
1845 5164 2049 5247 (Διός)
2081 5176 2292 5250 etyma

595 5285 915 5336 tentantur
929 5292 995 5357 p.
1018 5269 1168 5355 396.
1198 5291 1263 5356 p.
1289 5290 1391 5356 30.
1418 5292 1508 5356 sq.
1541 5267 1741 5333 Bekk.
1805 5265 2053 5332 Deinde
2074 5265 2287 5344 Stoici,

596 5371 999 5460 Pythagorici
1020 5371 1450 5458 Platonicique
1469 5371 1602 5437 haec
1623 5371 1903 5437 certatim
1923 5384 2288 5435 tractarunt.

594 5475 755 5540 Vide
783 5473 1070 5540 Ciceron.
1101 5474 1182 5539 de
1212 5476 1295 5540 N.
1326 5476 1415 5539 D.
1449 5476 1550 5541 II.
1584 5495 1687 5557 24.
1729 5499 1821 5563 sq.
1860 5473 2014 5561 ibiq.
2045 5484 2289 5538 annott.

591 5593 811 5643 nostrr.
844 5598 908 5663 p.
942 5597 1090 5664 303.
1137 5601 1230 5665 sq.
1285 5579 1639 5643 Cornutum
1681 5578 1762 5643 de
1801 5578 1888 5643 N.
1918 5578 2006 5642 D.
2042 5600 2099 5642 c.
2136 5596 2190 5641 1.
2220 5598 2285 5663 p.

3963 575 4087 645 291

2406 753 2548 815 140.
2584 732 2788 799 Galei.
2829 748 2894 796 et
2935 730 3275 820 Chrysippi
3314 731 3635 817 Fragmm.
3667 753 3732 817 p.
3766 749 3913 816 239.
3957 731 4087 794 Ba·

2399 835 2573 923 gueti
2618 851 2683 901 et
2724 835 2805 899 cf.
2840 856 3031 921 supra
3066 833 3147 898 ad
3189 856 3252 921 p.
3286 834 3435 919 485.
3471 836 3549 897 A.
3641 832 3766 896 His
3807 831 4091 897 insistens

2394 939 2671 1028 vestigiis
2700 938 2990 1005 Plotinus
3017 939 3241 1004 Jovem
3275 937 3341 1019 (i.
3364 961 3421 1001 e.
3441 939 3747 1019 animam)
3782 935 3934 1000 dicit
3963 957 4086 1000 non

2394 1042 2783 1130 acquiescere
2816 1040 3335 1128 contemplatione
3376 1040 3571 1128 patris
3616 1039 3870 1104 Saturni
3906 1041 4085 1122 (Κρό-

2398 1172 2503 1211 νου
2531 1146 2573 1211 i.
2600 1170 2660 1209 e.
2705 1146 3072 1228 intellectm)
3119 1143 3227 1208 sed
3267 1142 3454 1208 altius
3484 1143 3737 1208 tendere
3773 1142 3856 1208 ad
3894 1165 4087 1209 avum

2403 1249 2704 1327 (Coelum,
2744 1249 3024 1331 Οὐρανὸν
3053 1248 3092 1313 i.
3119 1271 3172 1311 e.
3213 1249 3426 1312 Unum
3455 1271 3504 1312 s.
3546 1270 3858 1312 summum
3890 1249 4083 1334 prin-

2394 1355 2634 1441 cipium
2655 1355 2959 1435 omnium)
2981 1351 3044 1415 in
3068 1351 3331 1438 ejusque
3351 1364 3560 1415 actum
3581 1349 3864 1435 adeoque
3885 1371 4089 1414 essen-

2397 1456 2500 1521 tiae
2529 1455 2938 1530 substantiam
2971 1477 3035 1520 se
3068 1453 3402 1519 insinuare.

2479 1597 2569 1609 —
2605 1579 2702 1644 13.
2752 1560 2909 1644 ἄξαι]
2966 1559 3069 1622 Ita
3108 1557 3465 1646 scripsimus
3492 1579 3638 1621 cum
3668 1557 3809 1621 Vat.
3901 1557 4083 1620 Cete-

2396 1685 2537 1726 rum
2589 1662 2725 1727 haec
2771 1662 2975 1726 forma
3029 1683 3172 1725 rara
3228 1674 3322 1725 est
3368 1675 3453 1736 et,
3500 1658 3943 1746 posterioribus
3986 1658 4092 1723 vix

2398 1780 2702 1852 usurpata
2730 1762 3159 1851 scriptoribuS,
3192 1763 3310 1827 hoc
3340 1785 3505 1827 novo
3537 1761 3827 1849 exemplo
3856 1761 4087 1826 firmari

2398 1880 2626 1956 potest,
2656 1868 2703 1931 si
2748 1889 2877 1954 qua
2911 1866 3009 1930 his
3036 1866 3099 1930 in
3129 1867 3317 1931 rebus
3354 1865 3587 1931 Plotini
3626 1864 4090 1953 aequaliumque

2392 1970 2730 2035 auctoritas
2770 1969 2872 2034 sit.
2965 1971 3073 2034 Tu
3106 1968 3235 2033 vid.
3274 1969 3506 2033 Thom.
3543 1971 3725 2055 Mag.
3759 1992 3820 2056 p.
3850 1990 3912 2050 4.
3945 1991 4088 2034 cum

2394 2074 2681 2161 interprr.
2721 2072 2994 2138 Lobeck.
3033 2072 3115 2137 ad
3164 2071 3505 2161 Phrynich.
3538 2070 3804 2159 Eclogg.
3839 2095 3906 2159 p.
3946 2073 4087 2155 287.

2392 2191 2460 2241 et
2488 2176 2550 2240 in
2585 2179 2883 2263 Parergg.
2914 2199 2980 2263 p.
3015 2192 3093 2262 73
3098 2193 3258 2261 5—7
3264 2195 3370 2261 37.

2480 2303 2548 2367 p.
2581 2283 2733 2365 969,
2771 2300 2869 2366 13.
2919 2280 3015 2344 καὶ
3035 2282 3088 2343 εί
3107 2279 3282 2343 ταύτὸ
3314 2279 3382 2343 ἓν
3413 2306 3462 2343 κ.
3483 2305 3537 2342 τ.
3560 2280 3649 2363 λ.]
3703 2280 3870 2342 Cum
3902 2277 3999 2341 his
4025 2292 4088 2342 et

2399 2382 2801 2470 sequentibus
2840 2381 3259 2470 comparanda
3300 2395 3447 2445 sunt
3480 2379 3836 2446 Aristotelis
3877 2380 4092 2468 dispu-

2399 2500 2529 2552 tata
2555 2486 2619 2550 in
2653 2487 3047 2575 Metaphyss.
3079 2499 3153 2551 ut
3188 2486 3236 2549 I.
3271 2501 3331 2568 7.
3364 2485 3483 2549 IV.
3513 2486 3576 2549 6.
3611 2485 3729 2548 Iv.
3768 2504 3862 2570 13.
3899 2485 3993 2550 X.
4039 2505 4089 2549 1.

2395 2603 2459 2653 et
2490 2589 2741 2675 passim.
3891 2583 3901 2609 ¹

2481 2716 2548 2779 p.
2577 2709 2728 2777 970,
2767 2713 2859 2757 11.
2887 2693 3055 2773 μένει
3082 2695 3194 2772 μὲν
3221 2691 3379 2757 πολὺ
3406 2695 3644 2771 μᾶλλον
3663 2691 3733 2755 τὸ
3763 2692 3830 2756 ἓν
3854 2720 3902 2756 κ.
3923 2718 3977 2756 τ.
3994 2693 4087 2777 λ.]

2399 2796 2739 2884 Sequimur
2781 2796 3142 2861 vaticanam
3179 2794 3526 2860 lectionem.
3573 2793 3703 2859 Ed.
3731 2822 3797 2876 μ.
3833 2820 3898 2859 π.
3927 2822 3990 2875 μ.
4023 2797 4091 2859 τὸ

2397 2904 2673 2965 ἐνταῦθα·
2727 2900 3013 2980 μένοντος
3059 2903 3126 2965 δὲ
3169 2899 3367 2973 αὐτοῦ,
3414 2897 3521 2962 οὐκ
3579 2899 3758 2961 ἄλλο.
3846 2897 4093 2962 Deinde

2396 3002 2785 3090 suspicamur
2814 3006 2868 3068 εἰ
2905 3019 3048 3091 post
3087 3007 3251 3068 ποιεῖ
3280 3024 3361 3065 ex
3405 2999 3677 3064 secunda
3703 2999 3898 3087 hujus
3925 3000 4092 3064 vocis

2394 3106 2632 3195 syllaba
2658 3130 2788 3171 esse
2816 3123 3075 3182 natum;
3127 3104 3392 3193 proinde
3419 3102 3659 3169 uncinis
3686 3103 4068 3169 inclusimus.

2481 3234 2545 3298 p.
2581 3228 2729 3295 971,
2763 3230 2821 3294 9.
2868 3213 3190 3294 ὑφίσταται
3234 3209 3303 3273 τὸ
3353 3209 3605 3273 ἓν-καὶ
3647 3207 3716 3272 τὸ
3762 3207 3833 3272 ὃν
3877 3213 4090 3289 σημαῖ-

2397 3339 2504 3377 νον
2532 3313 2602 3377 τὸ
2626 3314 3092 3398 φθεγξάμενον,]
3132 3311 3478 3399 Suspiceris
3507 3311 3795 3376 Ficinum
3829 3310 4083 3398 legisse:

2391 3417 2716 3497 ὑφίσταται
2743 3417 2811 3480 τὸ
2842 3417 2910 3480 ἓν
2939 3418 3155 3480 ὄν-κ.
3189 3442 3240 3479 τ.
3273 3413 3345 3479 ὂν
3372 3420 3665 3494 σημαῖνον
3691 3417 3840 3478 οὕτω
3870 3419 4085 3497 φθεγξ.

2394 3520 2555 3583 Mox
2589 3542 2707 3607 pro
2734 3522 2883 3585 οὕτῶ
2913 3545 3005 3583 τοι
3042 3518 3186 3601 (sic)
3219 3517 3325 3581 τὸν
3351 3519 3465 3597 μὲν
3491 3517 3823 3598 γενόμενον
3851 3537 3929 3579 ex
3961 3517 4089 3580 Va-

2391 3621 2495 3686 tic.
2529 3620 2712 3709 posui
2741 3625 2890 3686 οὕτω
2918 3647 3010 3685 τοι
3037 3620 3105 3684 τὸ
3132 3647 3197 3701 μ.
3231 3646 3288 3702 γ.
3358 3617 3651 3705 Denique
3694 3618 3755 3681 in
3796 3620 4090 3683 extremis

2395 3723 2601 3789 verbis
2631 3748 2710 3788 ex
2753 3723 2926 3787 libris
2966 3737 3030 3786 et
3068 3744 3267 3808 marg.
3301 3720 3420 3786 Ed.
3450 3743 3568 3808 pro
3596 3719 3881 3803 γέννησιν
3911 3743 4087 3808 repo-

2394 3826 2490 3891 sui
2540 3827 3194 3910 fluam—Ceterum
3243 3825 3357 3889 etsi
3402 3825 3466 3889 h.
3491 3823 3535 3890 l.
3586 3823 3869 3888 Plotinus
3913 3823 4084 3899 εἶναι,

2394 3928 2484 4004 ὃν,
2527 3931 2707 3995 οὐσία
2743 3929 2825 3994 ab
2865 3930 2933 3993 ἓν
2962 3928 3207 4015 repetit,
3236 3943 3441 3994 tamen
3485 3926 3659 3992 haud
3703 3926 3896 3992 dubie
3937 3943 4082 3993 ante

2391 4032 2603 4098 oculos
2631 4032 2853 4097 habuit
2882 4031 3162 4096 Platonis
3190 4031 3324 4097 haec
3353 4030 3417 4095 in
3461 4029 3721 4120 Cratylo
3750 4053 3814 4117 p.
3845 4051 3997 4111 401.
4025 4054 4083 4096 c.

2387 4157 2452 4222 p.
2484 4156 2589 4214 41.
2624 4134 2827 4201 Bekk.
2856 4137 3093 4200 ε-οϊον
3123 4136 3217 4201 καὶ
3259 4136 3327 4199 ἐν
3355 4135 3560 4221 τούτῳ,
3593 4134 3627 4198 ὃ
3665 4135 3830 4215 ἡμεῖς
3870 4133 4084 4198 οὐσίαν

2390 4243 2704 4319 καλοῦμεν,
2738 4240 2892 4303 εἰσὶν
2922 4240 2980 4303 ot
3019 4240 3193 4305 ἑσίαν
3227 4237 3415 4320 (Cod.
3458 4239 3740 4302 Darmst.
3782 4250 3848 4301 et
3887 4234 4078 4301 Bodl.

2389 4343 2629 4425 ἐσσίαν)
2673 4347 2977 4416 καλοῦσιν,
3010 4342 3068 4405 οἳ
3097 4340 3144 4405 δ’
3178 4343 3252 4405 αὖ
3296 4341 3505 4406 ὠσίαν.
3552 4346 3786 4422 πρῶτον
3823 4341 3935 4419 μὲν
3975 4339 4082 4404 οὖν

2387 4448 2533 4509 κατὰ
2561 4444 2630 4508 τὸ
2664 4446 2867 4527 ἕτερον
2896 4446 3087 4524 ὄνομα
3125 4445 3348 4508 τούτων
3375 4445 3412 4523 ἡ
3451 4448 3570 4507 τῶν
3597 4441 3958 4525 πραγμάτων
3986 4443 4081 4509 οὐ·

2387 4548 2493 4611 σία
2517 4546 2737 4611 Ἐστία
2766 4551 3077 4611 καλεῖσθαι
3107 4546 3234 4629 ἔχει
3271 4548 3481 4628 λόγον·
3536 4547 3766 4628 (λόγων
3794 4544 4078 4610 Darmst.

2388 4649 2571 4732 male)
2610 4651 2703 4715 καὶ
2729 4651 2821 4714 ὅτι
2860 4675 2933 4733 γε
2979 4648 3092 4728 (ita
3136 4650 3416 4713 Darmst.
3460 4662 3526 4712 et
3565 4646 3833 4712 Bekker.
3866 4648 3967 4714 ὅτε
4004 4674 4079 4731 γε

2386 4751 2679 4834 Heindf.)
2717 4755 2792 4818 αὖ
2836 4754 3000 4834 ἡμεῖς
3032 4752 3101 4816 τὸ
3143 4756 3246 4834 τῆς
3280 4752 3487 4819 οὐσίας
3527 4751 3785 4835 μετέχον
3826 4749 4079 4815 Ἑστίαν

2383 4858 2605 4937 φαμὲν,
2653 4858 2749 4922 καὶ
2794 4860 2942 4921 κατὰ
2989 4860 3162 4920 τοῦτο
3206 4858 3392 4938 ὀρθῶς
3434 4855 3511 4919 ἂν
3558 4861 3799 4919 καλοῖτο
3832 4853 4074 4919 Ἐστία.

2381 4960 2658 5040 ἐοίκαμεν
2686 4963 2801 5043 γὰρ
2832 4962 2928 5025 καὶ
2954 4960 3119 5039 ἡμεῖς
3145 4959 3214 5023 τὸ
3244 4959 3504 5024 παλαιὸν
3531 4958 3707 5022 ἐσίαν
3737 4962 3942 5021 καλεῖν
3969 4956 4077 5036 τὴν

2377 5061 2613 5126 οὗσίαν.
2667 5091 2720 5127 κ.
2744 5088 2799 5128 τ.
2819 5064 3238 5127 >te-Poterat
3284 5084 3433 5126 vero
3491 5084 3623 5126 suae
3678 5058 4070 5149 etymologiae

2378 5163 2642 5252 speciem
2673 5164 2991 5253 quandam
3030 5163 3355 5229 conciliare
3394 5164 3703 5243 PlotinuS,
3736 5163 3786 5228 si
3815 5162 4072 5227 lectores

2378 5291 2522 5331 suos
2565 5266 2986 5332 admonuisset
3037 5266 3270 5332 Aeoles
3317 5266 3380 5330 in
3428 5265 3767 5355 Participio
3818 5287 3935 5352 pro
3985 5264 4070 5329 ὢν

2376 5370 2603 5435 dixisse
2630 5372 2713 5437 είς
2759 5370 2956 5454 [unde
2994 5371 3141 5436 Lat.
3174 5372 3340 5456 em].
3416 5369 3697 5458 Speciem
3731 5368 3891 5445 dieo,
3923 5390 4068 5434 nam

2374 5472 2697 5537 veritatem
2736 5489 3035 5559 praestare
3075 5473 3217 5560 quis
3251 5472 3483 5537 audeat
3503 5475 3533 5536 ?
3579 5471 3714 5536 Nec
3752 5493 4071 5537 moramur

2372 5575 2486 5640 has
2529 5573 2938 5663 etymologias
2968 5598 3024 5639 v.
3055 5599 3107 5641 c.
3148 5574 3322 5663 quod
3370 5574 3734 5663 Lennepius
3776 5575 3862 5644 εἷς
3899 5597 4066 5641 unus

2474 5671 2684 5755 Pp2
