5118 6613
1487 528 1687 593 LIB.
1734 529 1851 593 ιν.
1897 529 2358 594 ENNEAD.
2400 530 2793 595 PRIMAE.
2838 553 2904 618 p.
2931 532 3212 617 56-63·
3991 553 4066 601 21

635 716 840 791 partes
886 715 1097 767 autem
1145 699 1358 789 generi
1402 700 1698 789 subjectae
1743 699 2007 766 vicissim
2058 700 2173 766 sibi
2217 724 2313 766 re-

636 804 983 894 spondent;
1030 828 1176 892 quae
1219 804 1301 871 ab
1346 804 1562 870 eadem
1605 803 1771 871 illius
1819 804 2116 870 divisione
2167 818 2314 870 811111

633 910 977 997 profectae3
1035 907 1562 995 quemadmodum
1620 907 1866 974 volatile
1922 931 2002 973 ex
2056 908 2315 974 adversa

635 1027 810 1101 parte
865 1010 1198 1099 respondet
1246 1011 1515 1076 terrestri
1564 1025 1753 1099 atque
1810 1010 2114 1099 aquatili:
2178 1011 2313 1077 haec

636 1115 801 1181 enim
844 1137 987 1180 cum
1030 1137 1108 1179 ex
1150 1112 1365 1178 eodem
1411 1136 1636 1201 genere
1681 1113 1823 1193 sint,
1867 1114 1931 1179 in
1976 1113 2315 1180 dividendo

637 1219 756 1284 isto
796 1217 955 1283 inter
996 1240 1062 1282 se
1103 1228 1546 1305 opponuntur3
1592 1217 1869 1283 animans
1914 1217 2217 1305 siquidem
2248 1217 2313 1282 in

636 1321 772 1386 haec
811 1320 1134 1398 dividitur,
1165 1319 1229 1385 in
1269 1318 1539 1399 volatile,
1570 1335 1855 1385 terrestre
1897 1335 1960 1385 01
2000 1320 2308 1408 aquatile:

635 1424 1172 1513 ncqtoeesthmwn
1191 1423 1389 1488 ullum
1405 1425 1594 1510 prius
1614 1425 2314 1512 alter-isautposteriua,

636 1528 742 1593 sed
787 1540 1015 1593 natura
1062 1525 1243 1591 simul
1289 1525 1437 1593 talia
1477 1526 1772 1591 videntur
1817 1549 1964 1590 esse.
2055 1527 2316 1615 Singula

635 1655 784 1698 vero
827 1630 966 1705 ista,
1010 1643 1083 1695 ut
1124 1628 1391 1709 volatile,
1436 1643 1510 1695 ut
1552 1642 1857 1708 terrestre,
1904 1643 1978 1694 ut
2021 1629 2313 1715 aquatile,

634 1758 851 1801 rursus
891 1733 959 1799 in
1000 1732 1231 1821 species
1268 1747 1464 1798 certas
1492 1731 1687 1796 dividi
1715 1747 1997 1820 possunt.
2088 1734 2316 1820 Itaque

634 1837 741 1904 illa
765 1837 951 1904 etiam
979 1835 1163 1901 simul
1189 1848 1416 1901 natura
1442 1858 1572 1901 esse
1597 1848 1791 1923 patet,
1809 1859 1954 1922 quae
1981 1835 2181 1901 eidem
2209 1860 2314 1925 ge-

636 1941 770 2007 neri
812 1941 1090 2028 subjecta
1130 1938 1347 2004 eadem
1391 1962 1468 2003 ex
1511 1937 1808 2004 divisione
1858 1940 2065 2005 sunt.”
2152 1942 2316 2006 Haec

641 2043 958 2132 Stagirita,
1001 2064 1188 2130 quem
1231 2041 1350 2106 1100
1392 2041 1528 2106 1000
1570 2064 1610 2106 a
1649 2041 1898 2107 Plotino
1937 2041 2157 2130 respici
2205 2066 2314 2108 ne-

639 2146 811 2226 mini,
843 2146 954 2233 qui
994 2145 1127 2210 haec
1162 2144 1401 2232 legerit,
1433 2143 1549 2209 erit
1576 2144 1931 2210 obscurum.
2023 2146 2128 2210 Cf.
2161 2147 2313 2211 Ari·

639 2263 783 2315 stot.
833 2248 1098 2336 Topicc.
1143 2249 1205 2312 6.
1284 2248 1513 2313 Stobaei
1560 2245 1822 2335 Eclogg.
1864 2249 1960 2312 II.
2009 2263 2067 2331 7.
2113 2272 2175 2336 Ρ.
2206 2267 2314 2336 54.

642 2354 915 2417 Heeren.
946 2366 1009 2416 et
1038 2349 1266 2416 Plotin.
1299 2350 1414 2415 VI.
1445 2370 1507 2436 3.
1551 2371 1646 2415 10.
1690 2351 1809 2414 VI.
1839 2371 1901 2436 3.
1936 2371 2033 2417 20.
2066 2366 2128 2416 et
2157 2354 2313 2417 ἀντι-

641 2457 918 2538 διαίρεσις
946 2455 1064 2519 IV.
1084 2474 1150 2535 4.
1173 2453 1271 2519 28.
1300 2453 1409 2517 fin.
1437 2455 1549 2517 VI.
1574 2473 1633 2538 3.
1665 2474 1764 2518 10.

725 2595 814 2610 —
833 2575 933 2641 17.
960 2554 1718 2642 τρανότητι-ἆμυδρότ-ητι]
1773 2556 1985 2643 Magis
2023 2555 2314 2645 proprie:

640 2660 1400 2726 chrima—obscuritate.
1447 2658 1851 2746 Adjectivum
1884 2660 2112 2747 saepius
2138 2683 2320 2724 usur-

641 2777 749 2852 pat
778 2762 1081 2828 Plotinus.
1132 2761 1272 2826 Vid.
1302 2785 1361 2826 v.
1387 2785 1444 2827 c.
1476 2786 1545 2850 p.
1568 2777 1670 2849 54.
1702 2763 1788 2827 D.
1835 2765 2058 2847 ἀμυδρᾷ
2088 2767 2156 2844 τῇ
2184 2767 2313 2843 ζωῇ.

641 2890 703 2954 p.
731 2885 875 2951 724.
909 2888 1049 2953 cap.
1079 2885 1183 2951 33.
1213 2887 1272 2929 a.
1315 2888 1378 2952 p.
1410 2881 1558 2950 725.
1585 2866 1659 2929 A.
1691 2868 1952 2948 ἀμυδρῶς
1976 2889 2043 2953 Ρ.
2068 2868 2210 2951 169.
2241 2866 2316 2930 A.

644 2969 839 3035 Plura
864 2968 946 3034 de
972 2967 1092 3033 1100
1114 2967 1420 3033 vocabulo
1458 2967 1587 3032 dixi
1629 2967 1696 3033 111
1737 2982 1944 3033 annot.
1975 2968 2039 3032 in
2066 2967 2207 3033 libr.
2239 2967 2318 3034 de

644 3071 902 3137 Pulcrit.
954 3094 1021 3158 p.
1060 3086 1201 3155 247.
1256 3093 1352 3158 sq.
1441 3071 1632 3136 Nunc
1677 3070 1903 3136 addam
1952 3070 2320 3136 substantivi

642 3174 996 3262 exemplum
1052 3197 1131 3238 ex
1186 3173 1307 3238 alio
1365 3173 1474 3261 huj
1484 3197 1556 3238 us
1612 3173 1864 3239 familiae
1928 3173 2316 3262 philosopho.

643 3277 904 3345 Proclus
931 3276 995 3343 in
1016 3276 1229 3343 Alcib.
1252 3299 1345 3366 pr.
1377 3300 1444 3365 p.
1465 3279 1565 3363 96.
1598 3276 1666 3341 τὸ
1694 3279 1806 3358 μὲν
1832 3277 1937 3342 οὖν
1967 3277 2187 3362 σχεδὸν
2211 3277 2319 3359 τὴν

642 3382 1004 3466 ἆμνδρότητά
1044 3407 1143 3462 μοι
1186 3386 1349 3447 δοκεῖ
1388 3384 1696 3462 σημαίνειν
1732 3387 1851 3446 τῶν
1888 3387 2154 3464 φυσικῶν
2182 3383 2312 3463 άρε-

643 3511 779 3551 των.

725 3611 794 3676 p.
828 3588 934 3668 61,
968 3605 1028 3652 2.
1076 3589 1365 3652 ἐπιλείπει
1414 3587 1481 3651 τὸ
1529 3587 1917 3671 εὐδαιμονεῖν]
1987 3589 2321 3652 Extremas

643 3691 820 3757 binas
861 3689 1111 3756 voculas
1151 3703 1327 3755 extra
1368 3689 1760 3777 parenthesin
1804 3688 2014 3776 posuit
2042 3690 2317 3770 Ficinu8‚

642 3794 945 3882 probante
973 3792 1422 3881 EngelhardtO.
1502 3793 1636 3857 Nos
1664 3792 1794 3858 sine
1821 3792 1993 3858 libris
2021 3792 2169 3857 talia
2194 3816 2319 3857 non

643 3911 975 3963 mutamus.
1066 3895 1243 3961 Idem
1288 3894 1484 3960 baeret
1524 3895 1589 3959 in
1630 3896 1853 3976 μηδενὶ,
1894 3894 2067 3982 quod
2109 3917 2322 3961 omnes

642 3999 782 4065 libri
809 4013 1174 4088 agnoscunt,
1194 3998 1306 4064 sed
1324 4021 1440 4086 pro
1463 3999 1754 4063 ἐπιλείπει
1774 3998 2116 4063 eorundem
2135 3999 2320 4087 jussu

645 4099 930 4168 dedimus
957 4103 1245 4167 ἐλλείπει.

728 4243 818 4257 -
833 4223 901 4292 5.
946 4206 1226 4291 ἐπακτὸν]
1274 4206 1376 4269 De
1402 4202 1595 4292 hujus
1622 4203 1789 4268 vocis
1817 4226 1936 4268 usu
1964 4203 2201 4269 dictum
2229 4220 2323 4269 est

648 4331 837 4396 supra
862 4308 942 4373 ad
975 4310 1033 4373 I.
1068 4326 1128 4372 2.
1154 4328 1212 4373 1.
1259 4310 1575 4373 Caeterum
1619 4306 1792 4393 quod
1833 4306 1899 4371 in
1941 4308 2064 4372 fine
2105 4307 2320 4396 capitis

645 4426 984 4499 usurpatur
1027 4410 1351 4492 ἰνδάλματα
1400 4409 1580 4474 8101111
1622 4410 1883 4474 verbum
1935 4411 2321 4476 ὶνδάλλεσθαι

649 4513 936 4597 (Ruhnk.
963 4512 1046 4579 ad
1077 4513 1249 4578 Tim.
1277 4513 1439 4577 Lex.
1471 4512 1638 4578 Plat.
1680 4535 1742 4600 p.
1784 4514 1951 4597 150.)
1987 4512 2168 4577 valde
2202 4513 2321 4578 fre-

645 4630 982 4703 quentatur
1001 4616 1193 4703 hujus
1218 4615 1472 4680 familiae
1500 4612 1902 4702 philosophis.
1950 4615 2107 4680 Vide
2134 4614 2321 4680 modo

649 4718 852 4784 Indic.
885 4719 1135 4784 Graecit.
1168 4717 1397 4784 Plotin.
1428 4732 1492 4781 et
1522 4716 1720 4782 Indic.
1754 4718 1957 4783 Graec.
1991 4717 2319 4783 Initiorum

648 4819 1065 4908 Philosophiae
1092 4833 1156 4886 et
1186 4819 1409 4885 Theol.
1441 4817 1607 4884 Plat.
1637 4818 1732 4883 ed.
1763 4834 1955 4884 nostr.
2009 4818 2322 4884 Universo

648 4938 856 4990 autem
898 4924 1044 4989 huic
1086 4924 1273 5012 capiti
1315 4921 1594 4989 adhibito
1638 4922 2168 4988 Commentarium
2213 4923 2320 4987 Fi-

648 5049 788 5092 01111.

728 5165 818 5182 -
842 5130 941 5194 16.
992 5128 1061 5193 τὸ
1106 5127 1494 5213 εὗδαψονεῖν]
1552 5127 1939 5191 Felicitatem
1978 5125 2110 5191 Fic.
2201 5129 2324 5192 Po-

648 5231 803 5297 tius:
850 5233 1094 5297 beatum
1120 5252 1272 5297 ease.
1327 5229 1470 5294 Vid.
1500 5229 1583 5294 ad
1609 5228 1740 5294 init.
1772 5227 1934 5293 libri.

731 5357 798 5422 p.
826 5335 934 5412 62,
969 5352 1064 5398 10.
1111 5338 1476 5415 περικεῖσθαι
1523 5330 1571 5396 δ’
1619 5332 1798 5418 αὐτῷ]
1852 5331 2122 5397 Locutio
2167 5356 2206 5397 a
2254 5356 2322 5397 re

648 5435 930 5502 vestiaria
971 5435 1254 5501 traducta
1280 5447 1343 5500 et
1369 5458 1409 5500 a
1439 5434 1658 5500 Stoicis
1700 5433 2089 5523 potissimum
2132 5459 2316 5500 usur-

650 5553 815 5625 pata,
843 5562 974 5626 quo
1000 5537 1376 5605 declaratum
1419 5537 1639 5604 volunt
1674 5561 1903 5626 corpus
1944 5554 2322 5627 externaque

2395 702 2635 790 reliqua
2671 725 2784 769 nos
2810 701 3064 789 quidem
3091 702 3493 785 circumdare,
3521 705 3633 771 sed
3672 704 3755 770 ad
3797 705 4072 772 animum

2394 820 2678 872 nostrum
2720 806 2971 895 proprie
3011 805 3166 871 nihil
3199 806 3528 895 pertinere.
3616 809 3786 874 Hinc
3816 811 4076 875 Marcus

2397 909 2760 973 Antoninus
2812 910 2990 974 XII.
3035 929 3099 995 3.
3145 911 3550 992 περικείμενον
3594 910 3908 991 σωμάτιον,
3952 914 4076 977 cir-

2396 1012 2753 1076 cumdatum
2810 1014 2924 1077 tibi
2977 1013 3411 1101 comusmchcm
3458 1026 3523 1078 et
3578 1012 3853 1079 similiter
3907 1013 4075 1080 alibi.

2400 1113 2544 1178 Vid.
2591 1114 2885 1181 Gataker.
2937 1113 3020 1180 ad
3068 1115 3273 1181 VIII.
3330 1132 3434 1199 27.
3486 1138 3549 1203 p.
3593 1132 3741 1200 247.
3849 1118 4079 1182 Seneca

2399 1216 2610 1304 Epist.
2642 1236 2779 1302 92.:
2830 1220 3080 1307 Corpus
3120 1232 3346 1284 natura
3374 1231 3446 1284 ut
3472 1232 3703 1284 vestem
3733 1219 3940 1285 animo
3965 1220 4080 1285 cir-

2398 1320 2743 1388 cumdedit.
2791 1322 3224 1389 velamentum
3252 1323 3388 1411 ejus
3414 1338 3529 1388 est.
3575 1321 3838 1389 Paullus
3867 1323 4077 1412 Epist.

2397 1423 2482 1488 ad
2538 1425 2745 1490 Hebr.
2818 1427 2947 1491 ἐπεὶ
3005 1427 3100 1491 καὶ
3154 1427 3328 1495 αὐτὸς
3387 1427 3708 1508 περίκειται
3762 1426 4081 1492 ἆσθένειαν

2405 1529 2509 1614 [C.
2529 1548 2592 1613 5.
2616 1552 2674 1592 v.
2698 1530 2789 1615 2.]
2826 1528 3014 1608 Quod
3042 1551 3166 1594 non
3187 1542 3351 1594 recte
3378 1529 3614 1617 accepit
3638 1528 4081 1594 Schleusnerus

2398 1630 2461 1695 in
2493 1633 2648 1696 Lex.
2685 1632 2770 1697 N.
2800 1632 2881 1696 T.
2929 1633 3038 1696 Tu
3082 1630 3334 1696 consule
3363 1630 3782 1697 Valckenaerii
3811 1631 4077 1719 Epistol.

2397 1734 2478 1799 ad
2502 1737 2770 1801 Roever.
2802 1759 2869 1823 p.
2882 1752 2990 1823 54.
3021 1749 3085 1801 01
3111 1734 3388 1823 ejusdem
3422 1734 3676 1801 Scholas
3696 1736 3761 1800 in
3785 1737 3871 1802 N.
3896 1737 4078 1802 Foed.

2404 1840 2505 1903 11.
2534 1862 2602 1927 p.
2626 1840 2776 1920 486.
2839 1838 3214 1927 Expressius
3255 1837 3437 1904 etiam
3471 1838 3734 1904 Proclus
3774 1839 3840 1904 in
3868 1840 4078 1906 Alcib.

2400 1965 2467 2029 p.
2493 1960 2639 2026 257.
2685 1942 3081 2024 ἠμφιεσμέναι
3125 1946 3365 2007 τοιαῦτα
3409 1944 3653 2022 σώματα
3697 1943 3793 2007 καὶ
3837 1952 4077 2026 περιβε-

2398 2044 2697 2125 βλημέναι
2739 2047 3036 2111 τοιούτους
3080 2045 3328 2126 δεσμοὺς
3366 2045 3459 2109 καὶ
3503 2046 4082 2130 περιεστοιχισμέναι

2400 2148 2635 2226 τοιαύτῃ
2659 2151 2982 2227 μεταβολῇ,
3015 2146 3125 2211 ubi
3154 2146 3285 2211 vid.
3315 2160 3522 2211 annot.
3556 2163 3752 2212 nostr.

2484 2268 2691 2330 ——14
2739 2251 3079 2332 Μαρτύριον
3123 2251 3188 2313 δὲ
3230 2251 3460 2334 τούτου]
3512 2248 3786 2337 Engelh.
3829 2250 3919 2314 ita
3959 2251 4081 2316 dis-

2402 2350 2604 2438 tingui
2634 2351 2807 2416 vult:
2854 2353 3169 2434 μαρτύριον
3198 2354 3263 2416 δὲ
3305 2354 3532 2431 τούτου,
3564 2353 3633 2416 τὸ
3665 2352 3838 2431 εἶναι,
3869 2381 3922 2418 κ.
3941 2362 4077 2419 τ.λ.

2410 2456 2864 2519 Testimonium
2893 2456 3052 2541 qjus,
3074 2455 3238 2541 quod
3261 2455 3548 2534 dicimus,
3577 2464 3690 2532 cst,
3717 2453 3920 2542 ipsum
3951 2479 4082 2521 esse

2406 2559 2485 2639 (8.
2515 2556 2786 2622 conditio
2812 2557 3003 2645 hujus
3030 2556 3344 2642 hominis).
3434 2559 3581 2622 Non
3608 2556 3785 2622 male.
3876 2560 4084 2624 Possis

2404 2672 2610 2724 tamen
2638 2659 2822 2724 etiam
2852 2659 2938 2725 ita
2963 2660 3262 2748 accipere,
3281 2683 3354 2725 ac
3379 2659 3428 2724 81
3456 2659 3755 2747 8011Ρ111111
3786 2659 3893 2726 sit:
3926 2688 3991 2742 μ.
4016 2665 4081 2728 δὲ

2403 2762 2470 2825 τὸ
2502 2762 2652 2827 εἶναι
2677 2766 2908 2829 τούτουε
2943 2764 3407 2852 Argumentum
3428 2771 3519 2828 est
3545 2765 3736 2850 hzy'us
3758 2763 4079 2850 (hominis)

2401 2886 2531 2930 ease
2563 2864 2886 2948 (conditio,
2914 2870 3166 2953 status).

2488 3005 2577 3019 —
2599 2983 2696 3051 17.
2728 2971 2761 3032 ὁ
2789 2970 3158 3050 βίος-ζωῆν
3188 2970 3411 3055 ἔχοντι]
3463 2968 3593 3034 Η10
3619 2968 3775 3033 1111111
3801 2970 4085 3057 proficias

2405 3069 2770 3158 vulgaribus
2797 3070 3293 3138 distinctionibus
3316 3071 3902 3152 Grammaticorum,
3927 3074 4085 3138 Am-

2405 3173 2596 3237 monii
2647 3173 2712 3238 in
2760 3176 2896 3255 βίος
2938 3198 3001 3262 p.
3032 3175 3285 3262 32.'(p.
3318 3179 3480 3261 30.)‚
3527 3174 3963 3241 Antiatticistae
4017 3177 4083 3242 in

2406 3275 2677 3342 Bekkeri
2723 3277 3053 3344 Anecdott.
3087 3278 3238 3345 Gn.
3269 3279 3329 3343 I.
3383 3300 3450 3366 p.
3486 3277 3584 3364 83.
3676 3278 3822 3344 Vid.
3873 3293 4081 3346 autem

2406 3379 2701 3445 Valcken.
2757 3380 2838 3445 ad
2891 3385 3186 3447 Ammon.
3247 3394 3310 3446 et
3365 3381 3652 3469 interprr.
3711 3381 3796 3446 ad
3849 3382 4080 3448 Thom.

2406 3483 2701 3570 Magistr.
2729 3484 2791 3547 in
2822 3490 2996 3564 βιοῦν
3023 3507 3085 3572 Ρ.
3113 3502 3255 3571 153.
3324 3486 3469 3549 Hoc
3495 3484 3632 3549 1000
3658 3487 3794 3565 βίος
3820 3501 3915 3550 est
3941 3509 4085 3552 con-

2404 3584 2559 3651 ditio
2589 3598 2882 3672 tanquam
2914 3587 3133 3666 forma,
3163 3610 3309 3674 quae
3335 3587 3604 3651 refertur
3631 3586 3712 3651 ad
3739 3589 3910 3667 ζωὴν.
3942 3604 4082 3654 tan-

2405 3711 2595 3775 quam
2623 3711 2841 3777 genus.
2917 3688 3220 3754 Tenenda
3246 3702 3454 3754 autem
3482 3689 3563 3754 ad
3592 3689 3761 3755 hunc
3788 3689 3992 3755 locum
4021 3708 4085 3758 et

2404 3790 2485 3855 ad
2527 3790 2949 3857 antecedentia
2975 3791 3055 3856 de
3085 3793 3405 3873 τελειότητι
3442 3791 3720 3857 definitio
3754 3792 4085 3859 beatitudi-

2405 3894 2500 3959 nis
2541 3910 2656 3973 est,
2687 3894 2846 3959 inter
2876 3894 3247 3974 Platonicas,
3277 3917 3422 3982 quoe
3463 3894 3776 3975 feruntur,
3819 3895 3885 3960 in
3928 3898 4085 3979 ὅροις

2407 4020 2469 4084 Ρ.
2488 4016 2638 4079 412.
2657 4000 2774 4062 D.:
2820 3998 3198 4077 Εὗδαιμονία,
3229 3997 3458 4079 ἀγαθὸν
3488 3998 3555 4062 ἐκ
3580 3998 3818 4064 πάντων
3845 4000 4085 4083 άγαθὸν

2406 4102 2814 4183 συγκείμενον·
2864 4102 3100 4181 δύναμις
3141 4099 3425 4184 αὐτάρκης
3464 4100 3610 4183 πρὸς
3637 4100 3705 4164 τὸ
3737 4103 3801 4167 εὖ
3827 4107 3951 4183 ζῇν·
3987 4129 4081 4168 τε-

2405 4205 2636 4284 λειότης
2661 4202 2780 4267 κατ’
2806 4205 3038 4285 ἀρετὴν,
3063 4203 3328 4287 ὠφέλεια
3348 4201 3631 4287 αὐτάρκης
3653 4205 3815 4280 (dcv.
3862 4206 4086 4272 Haeret

2405 4319 2614 4370 autem
2646 4304 2919 4393 Engelh.
2946 4306 3015 4370 in
3043 4306 3280 4372 verbis:
3331 4307 3439 4371 κᾶν
3469 4312 3785 4375 σπουδαῖος
3824 4304 3883 4389 ᾖ.
3963 4311 4086 4374 Co-

2405 4407 2572 4473 dices
2599 4407 2686 4472 nil
2714 4408 2977 4474 variant.

2489 4534 2555 4598 p.
2578 4514 2683 4597 63,
2709 4529 2770 4577 2.
2804 4513 3049 4592 σάματι,
3072 4514 3148 4576 τὸ
3177 4513 3355 4576 αὑτοῦ
3379 4514 3572 4597 conve]
3603 4512 3890 4600 Corpori,
3912 4514 4086 4599 quod

2405 4637 2581 4679 suam
2626 4613 2742 4679 sibi
2787 4614 2979 4678 vitam
3016 4614 3192 4679 vivit.
3279 4614 3467 4694 Quod
3508 4615 3644 4680 Fic.
3675 4620 3780 4679 τοῦ
3823 4618 4086 4681 τοιούτου

2406 4719 2716 4799 ἀνθρώπου
2758 4717 2942 4782 vertit
2984 4719 3307 4783 interiori-5
3349 4716 3635 4797 hominia,
3662 4716 3913 4784 videtur
3950 4742 4088 4807 per-

2406 4819 2749 4907 spicuitatis
2789 4843 2976 4885 causa
3014 4820 3250 4899 fecisse,
3291 4834 3355 4885 et
3397 4820 3695 4886 hactenus
3737 4844 3861 4887 non
3906 4822 4082 4887 male.

2408 4923 2487 4986 In
2517 4922 2690 4988 libris
2720 4925 2919 4989 MSS.
2952 4922 3038 4987 nil
3065 4922 3357 4988 variantis
3385 4923 3662 4989 lectionis
3688 4939 3799 4989 est.

2491 5063 2579 5076 —-
2603 5043 2659 5111 7.
2690 5026 2811 5091 οἶδε
2842 5026 2949 5091 τὸν
2978 5025 3257 5106 θάνατον,
3286 5029 3342 5105 ὅ,
3370 5052 3425 5091 τι
3455 5028 3666 5113 ἐστίν.]
3719 5027 3821 5092 De
3863 5043 4088 5093 attrac-

2408 5127 2595 5208 tione,
2626 5142 2847 5216 utpote
2875 5128 3151 5216 vulgata,
3181 5129 3516 5217 protritum
3560 5130 3639 5194 sit
3679 5129 3900 5195 dicere.
3975 5130 4086 5194 Ad

2405 5247 2844 5318 argumentum
2887 5231 3100 5297 confer
3142 5232 3421 5298 Platonis
3470 5234 3668 5320 Gorg.
3715 5255 3783 5319 p.
3821 5248 3971 5319 524.
4015 5233 4085 5296 b.

2408 5334 2707 5399 Phaedon.
2739 5357 2801 5422 p.
2823 5336 2928 5416 64.
2954 5358 3006 5399 0.

2492 5474 2581 5490 —-
2607 5457 2703 5501 11.
2732 5437 3115 5523 Ἀλγηδόνες]
3168 5439 3250 5501 Ι11
3288 5436 3407 5502 1100
3434 5436 3634 5524 capite
3676 5434 3866 5499 refert
3895 5435 4089 5502 Ploti-

2408 5562 2526 5604 nus
2569 5539 2834 5604 maxime
2865 5541 3422 5629 Peripateticorum
3468 5537 3796 5603 sententias
3839 5537 3919 5604 de
3961 5540 4088 5606 vita
