5118 6613
1075 535 1199 613 248
2045 527 2890 592 ANNOTATIONES
2958 527 3071 590 IN
3142 526 3597 590 PLOTINI

1073 706 1232 770 hanc
1280 701 1513 767 Plotini
1556 699 2158 787 argumentationem
2198 698 2509 777 exhibuit,
2554 696 2619 761 id
2667 718 2779 761 nos

1074 808 1370 872 admonet
1401 804 1701 869 Ecclesia.-
1741 804 2024 867 Patrum.
2115 804 2176 867 E
2220 801 2454 887 quibus
2482 799 2783 886 antiquis-

1076 910 1237 988 simi,
1266 909 1378 995 qui
1423 922 1665 970 naturae
1710 904 2005 969 humanas
2049 903 2505 969 trichotomiam
2542 916 2780 967 statue-

1078 1014 1255 1089 bant,
1308 1008 1419 1093 (cf.
1450 1008 1596 1073 infr.
1637 1031 1704 1095 p.
1735 1011 1886 1089 467.
1943 1008 2023 1071 Β.
2075 1029 2130 1071 c.
2185 1011 2318 1091 14.)
2366 1003 2783 1069 Alexandrini

1079 1112 1447 1203 praesertim,
1478 1109 1760 1175 Platonis
1787 1108 2086 1185 fautores,
2111 1107 2196 1172 ita
2226 1106 2573 1172 docebant:
2624 1109 2784 1171 Cor·

1077 1239 1202 1305 pus
1233 1215 1331 1297 (τὸ
1362 1216 1564 1296 σῶμα)
1597 1225 1822 1276 natura
1863 1235 1976 1275 sua
2004 1234 2134 1275 esse
2166 1210 2466 1284 mortale;
2515 1210 2784 1274 animam

1078 1318 1386 1385 carnalem
1425 1316 1658 1400 (ψυχὴν
1685 1316 1994 1397 σαρκικὴν)
2034 1336 2212 1400 posse
2244 1313 2402 1376 mori
2431 1326 2496 1376 et
2533 1310 2784 1375 dissolvi

1088 1421 1423 1503 (λύεσθαι),
1455 1440 1659 1504 neque
1699 1432 1905 1481 tamen
1955 1414 2293 1480 necessario
2336 1414 2456 1479 hoc
2484 1413 2640 1493 fieri,
2680 1411 2787 1476 sed

1080 1547 1261 1612 posse
1295 1522 1481 1587 etiam
1513 1518 1996 1584 immortalitatis
2024 1517 2155 1582 fieri
2185 1516 2569 1604 participem.
2640 1513 2789 1578 Ani-

1083 1648 1249 1690 mam
1279 1637 1490 1688 autem
1536 1620 1944 1709 spiritualem,
1992 1634 2286 1698 mentem,
2334 1619 2574 1702 (ψυχὴν
2615 1642 2791 1681 πνευ-

1081 1727 1359 1811 ματικὴν)
1381 1739 1607 1789 natura
1627 1724 1823 1810 ipsam
1848 1746 1962 1787 sua
1978 1746 2110 1787 esse
2127 1718 2558 1785 immortalem.
2613 1717 2786 1800 (Vid.

1086 1828 1341 1893 Tatian.
1389 1826 1530 1890 adv.
1581 1826 1838 1890 Graecos
1881 1847 1944 1910 p.
1989 1843 2131 1909 150.
2174 1847 2269 1909 sq.
2316 1820 2661 1907 Theophil.
2707 1819 2787 1884 ad

1088 1929 1481 2016 Autolycum
1542 1929 1647 1991 II.
1707 1948 1772 2013 p.
1816 1946 1955 1990 101.
2031 1927 2077 1988 J
2084 1924 2274 1989 ustini
2330 1921 2581 2008 Dialog.
2643 1943 2787 1985 cum

1085 2031 1439 2119 Tryphone
1463 2052 1529 2117 p.
1548 2046 1693 2094 222.
1712 2041 1775 2092 et
1793 2026 1875 2092 cf.
1902 2029 2123 2092 Herm.
2148 2025 2520 2090 Olshausen.
2541 2024 2785 2087 Comm.

1082 2136 1164 2200 de
1199 2130 1768 2219 antiquissimorum
1820 2127 2118 2192 Ecclesiae
2150 2128 2396 2191 Graecoe
2424 2142 2677 2212 patrum
2707 2123 2789 2188 de

1083 2234 1547 2302 immortalitate
1576 2231 1923 2296 animorum
1970 2228 2309 2294 sententiis,
2383 2225 2788 2313 Regiomonti

1088 2341 1309 2423 1827.)
1399 2334 1725 2400 Nonnulla
1764 2333 1889 2396 huc
1926 2331 2303 2419 pertinentia
2345 2354 2423 2395 ex
2462 2327 2781 2415 scriptori·

1080 2443 1202 2507 bus
1230 2437 1501 2505 ecclesiae
1532 2458 1733 2523 nuper
1761 2434 2099 2499 admodum
2131 2458 2167 2498 e
2194 2433 2401 2499 Codd.
2436 2431 2601 2496 eruit
2630 2445 2693 2494 et
2719 2429 2782 2492 in

1084 2544 1383 2608 Vaticana
1412 2538 1793 2605 Collectione
1840 2537 2092 2622 Scriptt.
2130 2538 2297 2601 vett.
2331 2533 2619 2599 exhibuit
2650 2536 2783 2596 An-

1082 2646 1261 2733 gelus
1323 2643 1542 2708 Maius
1584 2641 1770 2705 Tom.
1823 2640 1879 2703 1.
1943 2654 2103 2726 part.
2154 2639 2296 2702 ΙΙΙ.
2351 2660 2414 2723 p.
2466 2638 2568 2719 76.
2621 2658 2786 2721 sqq„

1085 2746 1433 2835 Gregorius
1475 2744 1659 2808 etiam
1711 2742 2036 2829 Nyssenus
2068 2740 2149 2804 de
2192 2739 2427 2803 Anima
2458 2762 2522 2825 p.
2553 2756 2657 2820 91.
2688 2734 2786 2799 ed.

1091 2850 1281 2914 Paris.
1315 2847 1437 2911 ita:
1489 2849 1652 2924 κοινῇ
1680 2845 1794 2923 μὲν
1824 2844 1930 2907 οὖν
1969 2843 2116 2924 πρὸς
2154 2843 2380 2909 πάντας
2407 2841 2542 2907 τοὺς
2571 2839 2785 2920 λέγον-

1084 2977 1190 3018 τας
1236 2955 1409 3028 σῶμα
1451 2947 1559 3026 τὴν
1597 2947 1807 3028 ψυχὴν
1855 2944 2095 3026 ἀρκέσει
2138 2947 2214 3008 τᾶ
2254 2947 2416 3026 παρὰ
2447 2941 2788 3022 Ἀμμωνίου

1085 3057 1191 3116 τοῦ
1218 3048 1580 3115 διδασκάλου
1610 3048 1927 3111 Πλωτίνου
1951 3046 2046 3109 καὶ
2075 3048 2416 3125 Νουμηνίου
2445 3050 2551 3108 τοῦ
2579 3046 2786 3107 Πυθα-

1087 3157 1326 3238 γορικοῦ
1386 3148 1682 3232 εἰρημένα.
1773 3149 1833 3211 E
1886 3147 2332 3212 recentioribus
2382 3146 2552 3210 haud
2606 3144 2787 3232 pauci

1087 3271 1368 3321 nostrum
1401 3251 1632 3317 librum
1649 3249 2015 3338 attigerunt.
2090 3252 2151 3315 E
2181 3249 2415 3337 quibus
2443 3247 2792 3313 nominasse

1088 3357 1353 3423 sufficiat
1398 3358 1744 3441 Hugonem
1796 3352 2092 3418 Grotium
2144 3353 2246 3416 De
2293 3352 2568 3416 Veritate
2614 3348 2788 3414 Reli-

1086 3459 1289 3548 gionis
1322 3456 1697 3523 Christianae
1744 3456 1800 3518 I.
1836 3473 1939 3540 23.
2006 3454 2377 3520 Cudworth.
2406 3454 2469 3517 in
2519 3455 2784 3540 System.

1091 3561 1422 3629 Intellectt.
1473 3561 1549 3625 C.
1586 3561 1663 3624 V.
1717 3560 1878 3624 Sect.
1932 3557 2063 3621 111.
2121 3559 2182 3641 ξ.
2219 3554 2788 3620 XLII—XLVI.

1088 3689 1151 3753 p.
1192 3682 1637 3743 1110—1114.
1685 3660 1998 3725 Moshem.
2025 3659 2440 3724 Tiedemann.
2466 3657 2571 3721 in:
2612 3657 2793 3722 Geist

1086 3767 1200 3831 der
1246 3764 1569 3853 Spekulat.
1619 3762 1854 3828 Philos.
1893 3763 2035 3827 111.
2077 3785 2144 3850 p.
2178 3780 2326 3847 337.
2361 3786 2499 3849 sqq.
2531 3760 2642 3847 qui
2687 3783 2787 3823 ce-

1088 3884 1292 3933 terum
1338 3867 1401 3930 in
1452 3865 1768 3931 Plotinum
1813 3862 2297 3950 vituperandum
2349 3863 2627 3950 pronior,
2672 3861 2790 3925 hoc

1089 3984 1294 4033 tamen
1340 3966 1396 4030 ei
1443 3965 1688 4042 tribuit,
1735 3980 1807 4029 ut
1865 3965 2090 4029 animae
2136 3965 2519 4053 incorporeae
2566 3964 2792 4051 prima-

1089 4070 1249 4134 rium
1281 4091 1425 4133 eum
1457 4082 1823 4131 assertorem
1852 4066 2044 4144 dicat,
2073 4082 2136 4131 et
2178 4066 2468 4152 plurima,
2498 4089 2643 4152 quoe
2678 4064 2788 4128 de-

1089 4173 1301 4259 inceps
1328 4195 1366 4235 a
1388 4167 1772 4257 philosophis
1792 4191 1909 4254 pro
1934 4167 2052 4232 hac
2081 4190 2269 4233 causa
2295 4168 2617 4255 disputata
2645 4166 2790 4242 sint,

1080 4276 1213 4362 jam
1246 4273 1308 4336 in
1355 4271 1452 4335 his
1496 4269 1731 4334 Plotini
1774 4269 1948 4334 libris
1990 4286 2208 4357 parata
2250 4284 2604 4358 suppetere,
2643 4291 2788 4355 pro-

1090 4377 1353 4440 nuntiet.
1432 4371 1705 4459 Anglice
1756 4371 1943 4436 vertit
1997 4372 2166 4436 hunc
2221 4371 2453 4436 librum
2506 4371 2792 4435 Thomas

1092 4477 1337 4564 Taylor
1362 4475 1426 4539 in
1461 4474 1661 4540 Select
1693 4472 1927 4538 Works
1954 4474 2029 4538 of
2055 4472 2345 4537 Plotinus
2374 4496 2438 4560 p.
2468 4492 2616 4539 221.
2652 4496 2785 4559 sqq.

1090 4577 1461 4643 Franciscus
1502 4591 1711 4640 autem
1758 4575 2022 4660 Vigerus
2067 4576 2495 4640 Eusebianum
2544 4586 2789 4639 textum

1088 4680 1319 4767 saepius
1345 4701 1424 4742 ex
1457 4676 1689 4743 Plotini
1717 4676 1988 4741 editione
2016 4676 2307 4756 mutavit,
2338 4699 2787 4763 nonnunquam

1091 4797 1340 4846 temere.

1175 4905 1239 4969 p.
1266 4883 1416 4962 844,
1447 4899 1543 4965 13.
1595 4876 1696 4942 εἴτ’
1729 4879 1835 4943 οὖν
1858 4880 1936 4946 ὦς
1961 4881 2225 4961 ὄργανον
2250 4880 2410 4959 ἡμῖν,
2445 4879 2549 4944 εἴθ’
2584 4881 2790 4961 ἕτερον

1089 4986 1312 5066 τρόπον
1326 4979 1829 5064 προσηρτημένον.
1866 4979 2043 5045 Ἀλλ’
2054 4978 2164 5045 οὖν
2181 4981 2472 5063 διῃρήσθω
2491 5007 2566 5063 γε
2586 4983 2786 5059 ταύτῃ,

1092 5089 1186 5151 καὶ
1233 5084 1511 5166 ἑκατέρου
1539 5083 1648 5162 τὴν
1676 5085 1864 5164 φύσιν
1892 5107 1959 5147 τε
1990 5084 2087 5148 καὶ
2115 5083 2330 5146 οὐσίαν
2360 5081 2781 5166 καταθεατέον]

2866 711 3011 761 tura
3067 697 3456 784 essentiaque
3511 693 3896 783 dispicienda
3952 710 4066 759 est.
4158 695 4259 758 De
4316 717 4574 781 corpore

2870 814 3170 885 tanquam
3212 799 3629 863 instrumento
3665 796 3891 863 animae
3919 795 4019 862 vel
4062 796 4351 861 vehiculo
4392 796 4575 861 multi

2869 900 3089 966 multa.
3169 901 3314 965 Vid.
3347 900 3536 965 modo
3568 900 3851 964 Platonis
3879 899 4095 964 Alcib.
4127 922 4219 987 pr.
4252 922 4317 987 p.
4346 918 4489 985 130.
4512 923 4571 963 a.

2871 1025 2938 1090 p.
2968 1005 3120 1089 360.
3158 1001 3361 1066 Bekk.
3406 1017 3472 1067 et
3514 1000 3950 1089 Olympiodor.
3981 1000 4044 1065 in
4089 1024 4234 1066 eum
4276 1025 4341 1089 p.
4373 1020 4441 1081 4.
4474 1024 4570 1089 sq.

2871 1123 2934 1172 et
2964 1106 3043 1171 ef.
3087 1105 3540 1193 Wyttenbach.
3574 1103 3653 1168 ad
3707 1103 4028 1169 Plutarch.
4073 1103 4153 1167 de
4201 1105 4264 1168 S.
4291 1104 4375 1168 N.
4402 1105 4476 1167 V.
4509 1127 4572 1192 p.

2874 1226 2978 1293 97.
3013 1232 3109 1295 sq.
3179 1206 3437 1271 Addam
3464 1207 3668 1270 locum
3704 1205 4029 1270 Athanasii
4052 1205 4470 1270 Alexandrini
4500 1230 4577 1271 ex

2874 1315 3052 1374 Orat.
3098 1325 3315 1373 contra
3354 1310 3594 1374 Gentes
3634 1308 3779 1372 Vol.
3818 1310 3872 1372 Ι.
3910 1331 3976 1395 p.
4008 1328 4116 1394 35.
4161 1307 4261 1374 ed.
4308 1308 4573 1373 Colon.:

2873 1414 2937 1476 τί
2959 1413 3065 1475 οὖν
3095 1412 3171 1474 ἃν
3202 1414 3291 1490 εἵη
3319 1414 3492 1473 τοῦτο
3534 1409 3739 1484 πάλιν,
3770 1407 3809 1489 ἢ
3843 1410 4014 1493 ψυχὴ
4046 1411 4261 1491 λογικὴ
4301 1411 4397 1474 καὶ
4433 1409 4576 1475 ἆθά-

2876 1539 3087 1587 νατος;
3136 1513 3231 1576 καὶ
3281 1515 3398 1594 γὰρ
3443 1514 3549 1577 οὐκ
3584 1513 3803 1592 ἔξωθεν
3848 1510 3984 1576 ἀλλ’
4029 1512 4274 1577 ἔνδοθεν
4312 1515 4458 1594 αὕτη
4499 1518 4578 1599 τῷ

2876 1618 3124 1695 σώματι,
3158 1616 3234 1682 ὣς
3262 1617 3295 1677 ὀ
3323 1615 3606 1694 μουσικὸς
3632 1619 3702 1694 τῇ
3731 1615 3885 1699 λύρᾳ
3913 1616 4122 1697 ἑνηχεῖ
4141 1617 4218 1679 τὰ
4254 1617 4573 1697 κρείττονα.

2877 1715 3124 1780 Deinde
3153 1715 3288 1780 haec
3317 1715 3503 1779 latius
3530 1715 3821 1801 explicat,
3849 1715 3937 1780 ita
3970 1731 4043 1779 ut
4081 1715 4317 1781 Plotini
4346 1716 4573 1782 librum

2874 1819 2951 1881 de
2977 1840 3165 1882 semu
3195 1829 3259 1881 et
3289 1819 3591 1881 memoria
3618 1815 3841 1903 legisse
3866 1817 4173 1895 videatur,
4205 1819 4573 1907 pergitque:

2874 1925 3145 1984 -ταῦτα
3184 1923 3300 2002 γὰρ
3340 1920 3514 1983 οὐδὲν
3559 1920 3783 2002 ἕτερον,
3815 1917 3853 1998 ἢ
3893 1920 4102 2003 ψυχὴν
4134 1922 4387 2003 λογικὴν
4428 1924 4545 1987 ἀπο
4559 1963 4573 1972 ·

2878 2023 3176 2086 δείκνυσιν
3236 2023 3724 2103 ἡγεμονεύουσαν
3773 2027 3880 2085 τοῦ
3924 2024 4215 2102 σώματος.
4282 2026 4420 2088 οὐδὲ
4463 2027 4580 2108 γὰρ

2878 2125 3052 2188 ἑαυτὸ
3098 2125 3166 2188 τὸ
3208 2132 3380 2204 σῶμα
3424 2124 3690 2207 πέφυκεν
3726 2126 4023 2199 ἐλαύνειν,
4071 2124 4209 2190 ἀλλ’
4240 2124 4345 2208 ὑφ’
4378 2126 4578 2208 ἑτέρου

2874 2231 3082 2311 ἄγεται
3128 2228 3223 2292 καὶ
3261 2227 3529 2310 φέρεται,
3562 2227 3768 2308 ὥσπερ
3806 2228 3945 2291 οὐδὲ
3987 2229 4165 2296 ἵππος
4193 2229 4406 2293 ἑαυτὸν
4432 2231 4574 2293 ὑπο-

2872 2331 3202 2412 ζεύγνυσιν,
3237 2327 3373 2393 ἀλλ’
3404 2328 3519 2393 ὑπὸ
3550 2333 3657 2391 τοῦ
3688 2333 4041 2410 κρατοῦντος
4071 2331 4403 2394 ἐλαύνεται.
4435 2357 4487 2393 κ.
4518 2356 4571 2394 τ.

2870 2439 2930 2495 λ.
3022 2432 3187 2495 Nam
3234 2430 3299 2493 in
3355 2429 3763 2517 sequentibus
3805 2430 3991 2495 etiam
4043 2429 4323 2495 Platonis
4370 2430 4571 2496 locum

2871 2532 3190 2597 classicum
3224 2532 3285 2596 in
3320 2531 3597 2596 Phaedro
3621 2548 3767 2595 ante
3795 2531 4007 2597 oculos
4040 2532 4287 2597 habuit.
4376 2535 4575 2612 Quem

2874 2632 3141 2697 eundem
3188 2633 3469 2698 imitatus
3509 2647 3603 2696 est
3651 2633 3922 2698 Basilius
3968 2635 4252 2720 Magnus
4292 2634 4358 2698 in
4404 2638 4576 2700 Con-

2876 2737 3103 2801 stitutt.
3140 2735 3305 2801 Vitae
3336 2735 3706 2800 Monasticae
3735 2759 3789 2801 c.
3828 2736 3931 2800 11.
3961 2736 4039 2800 Τ.
4077 2737 4177 2800 11.
4207 2759 4275 2824 p.
4306 2740 4452 2819 670.
4483 2761 4575 2825 sq.

2876 2838 2973 2903 ed.
3009 2837 3208 2902 Paris.
3252 2838 3437 2901 1618.

2961 2963 3025 3026 p.
3059 2941 3209 3026 845,
3241 2960 3305 3022 9.
3353 2940 3449 3004 καὶ
3490 2942 3672 3021 ταύτῃ
3708 2943 3944 3022 φθορὰν
3988 2939 4064 3005 ἂν
4105 2941 4443 3027 ὑπομένον]
4496 2943 4575 3006 In

2875 3042 3115 3129 aliquot
3158 3040 3333 3106 libris
3376 3057 3657 3106 extrema
3694 3041 3934 3128 syllaba
3958 3042 4368 3129 praecedentis
4395 3067 4575 3108 voca-

2875 3144 3009 3209 buli
3053 3143 3362 3231 oppressit
3414 3143 3696 3208 voculam
3741 3146 3837 3209 ἄν.
3933 3145 4254 3209 Sententia
4302 3156 4438 3210 est:
4484 3148 4580 3210 Et

2876 3250 2971 3312 ita
2988 3269 3226 3336 quoque
3246 3249 3578 3312 interitum
3585 3249 3941 3335 patiuntur
3956 3272 3979 3313 .·
4025 3250 4206 3329 ταύτῃ
4235 3248 4281 3314 i.
4304 3270 4359 3315 e.
4392 3251 4577 3337 τούτῳ

2877 3355 2957 3436 τῷ
3014 3353 3232 3435 τρόπῳ.
3320 3350 3461 3415 Vid.
3514 3349 3796 3438 Hesych.
3848 3350 3913 3414 in
3962 3373 4093 3415 voc.
4165 3351 4267 3416 Cf.
4336 3351 4578 3417 Platon.

2881 3456 3170 3540 Sympos.
3218 3475 3285 3539 p.
3319 3452 3464 3518 208.
3507 3454 3594 3516 Ε.
3653 3452 3931 3517 Lexicon
3981 3452 4395 3540 Xenophont.
4436 3454 4575 3519 111.

2876 3579 2943 3643 p.
2990 3556 3144 3641 368.
3191 3556 3235 3619 f.
3282 3569 3342 3618 et
3406 3555 3760 3619 Blomfield.
3806 3554 3889 3620 ad
3936 3553 4219 3644 AEschyli
4264 3556 4575 3621 Prometh.

2885 3676 3028 3743 197.
3061 3658 3125 3721 in
3159 3656 3495 3722 Glossario.

2963 3797 3051 3808 —
3086 3780 3112 3821 1
3131 3780 3184 3823 1.
3232 3760 3322 3824 Τὸ
3354 3762 3419 3824 δὲ
3455 3760 3811 3840 κυριώτατον
3849 3760 3946 3823 καὶ
3985 3758 4158 3825 αὐτὸς
4197 3761 4230 3822 ὁ
4274 3760 4582 3841 ἄνθρωπος

2879 3865 2967 3942 εἴη
2999 3862 3092 3935 ἂν,
3124 3859 3162 3940 ἢ
3193 3864 3342 3926 κατὰ
3369 3861 3437 3923 τὸ
3469 3861 3642 3933 εἶδος,
3670 3861 3747 3928 ὡς
3761 3861 3908 3942 πρὸς
3934 3864 4085 3942 ὕλην
4112 3861 4181 3924 τὸ
4210 3864 4430 3947 σῶμα,]
4467 3863 4580 3927 Li·

2877 3963 3091 4028 beravi
3122 3963 3380 4027 Eusebii
3404 3978 3467 4027 et
3496 3962 3735 4050 aliquot
3763 3963 4048 4027 codicum
4080 3979 4434 4028 nostrorum
4458 3988 4578 4052 ope

2879 4064 3111 4130 Plotini
3143 4065 3482 4129 orationem
3514 4064 3596 4128 ab
3632 4064 3846 4151 inepto
3879 4065 4328 4130 additamento.
4409 4067 4581 4132 Vidit

2877 4167 3060 4232 etiam
3099 4167 3409 4253 vigerius,
3429 4166 3545 4230 nisi
3576 4166 3748 4253 quod
3780 4166 4341 4255 interpunctionem
4374 4169 4581 4234 minus

2877 4269 3266 4333 commodam
3317 4267 3825 4332 invexit.—Mox
3885 4268 3968 4333 ad
4017 4269 4244 4333 verba:
4296 4272 4582 4353 ἑκατέρως

2878 4372 3008 4451 δέἦ
3050 4372 3220 4455 ψυχὴ
3250 4371 3423 4438 αὐτὸς
3453 4385 3594 4434 tene
3638 4370 3772 4435 haec
3818 4370 4137 4435 Eustathii
4181 4370 4263 4436 ad
4293 4370 4479 4437 Iliad.
4516 4400 4576 4437 a.

2878 4495 2939 4534 v.
2970 4492 3031 4552 4.
3081 4472 3161 4536 de
3208 4495 3324 4536 usu
3375 4472 3717 4536 Homerico
3750 4495 3815 4558 p.
3856 4492 3956 4557 19.
3996 4495 4058 4558 p.
4098 4490 4196 4554 17.
4246 4472 4345 4538 ed.
4396 4474 4578 4561 Lips.

2876 4573 3030 4638 inf.:
3081 4574 3284 4637 ἰστέον
3324 4578 3440 4655 γὰρ
3469 4576 3561 4637 ὅτι
3602 4574 3671 4637 τὸ
3712 4575 3886 4641 αὐτὸς
3926 4576 4073 4638 ποτὲ
4115 4576 4229 4652 μὲν
4259 4575 4359 4639 ἐπὶ
4392 4578 4581 4655 μόνου

2878 4677 3167 4755 σώματος,
3201 4677 3279 4744 ὡς
3314 4676 3673 4758 προείρηται,
3706 4678 3853 4739 ποτὲ
3892 4677 3959 4740 δὲ
4002 4677 4099 4740 ἐπὶ
4134 4678 4318 4756 μόνης
4355 4682 4575 4762 ψυχῆς,

2877 4780 2955 4845 ὡς
2992 4779 3095 4841 ὅτε
3141 4779 3331 4858 φησὶν
3372 4781 3438 4842 ἐν
3465 4777 3801 4861 Ὀδυσσείᾳ
3843 4778 3948 4859 (Χ.
3985 4782 4165 4859 601.)
4209 4779 4346 4861 περὶ
4383 4778 4575 4863 Ἡρα-

2877 4879 3086 4946 κλέους
3114 4882 3206 4942 ὅτι
3235 4879 3408 4946 αὐτὸς
3437 4881 3502 4943 δὲ
3528 4877 3655 4959 μετ’
3688 4877 4039 4943 ἀθανάτοισι
4069 4883 4261 4944 θεοῖσι
4289 4885 4573 4963 τερπόμε·

2878 5006 2978 5048 νος
3008 4981 3137 5064 ἔχει
3168 4982 3584 5063 καλλίσφυρον
3602 4978 3818 5060 Ἥβην
3856 4983 3955 5062 (tu
4000 4982 4216 5045 confer
4262 4982 4576 5049 Plotinum

2877 5105 3067 5169 supra
3108 5105 3171 5169 p.
3205 5097 3263 5164 7.
3313 5084 3422 5162 C.)
3482 5083 3631 5146 ποτε
3675 5084 3740 5145 δὲ
3802 5084 3899 5146 ἐπὶ
3957 5087 4064 5146 τοῦ
4120 5086 4579 5168 συναμφοτέρου

1094 5191 1196 5253 Ita
1225 5186 1452 5275 partim
1498 5207 1577 5248 ex
1622 5183 1926 5264 Eusebio,
1958 5182 2185 5272 partim
2232 5207 2310 5248 ex
2353 5183 2527 5248 libris
2569 5182 2793 5248 nostris
2871 5184 3002 5263 ἦτοι
3050 5188 3157 5247 τοῦ
3198 5182 3488 5247 συνθέτου
3547 5185 3876 5264 ἀνθρώπου.
3969 5185 4070 5247 De
4121 5182 4237 5247 hoc
4280 5185 4581 5272 primario

1089 5290 1293 5355 locum
1321 5285 1794 5353 constituimus:
1844 5285 1971 5350 sive
1999 5285 2194 5373 igitur
2222 5301 2521 5373 tanquam
2552 5284 2785 5348 instru-

1089 5408 1368 5457 mentum
1401 5389 1530 5454 sive
1572 5387 1695 5453 alia
1736 5387 1974 5453 ratione
2019 5386 2197 5451 nobis
2239 5386 2610 5474 adjunctum
2652 5401 2784 5450 est:

1091 5493 1195 5555 scd
1228 5509 1432 5557 tamen
1463 5492 1552 5556 ita
1579 5488 2096 5577 distinguendum
2126 5502 2240 5568 est,
2269 5505 2334 5554 et
2362 5489 2661 5554 utriusvis
2683 5511 2790 5552 na-

2874 5284 3105 5373 placito
3137 5284 3603 5350 Platonicorum
3621 5284 3874 5349 consule
3900 5286 4134 5371 Segaar
4152 5285 4233 5349 ad
4267 5285 4580 5355 Clement.

2876 5387 3066 5452 Alex.
3164 5387 3321 5464 Quis
3360 5386 3534 5451 dives
3579 5386 3734 5450 salv.
3782 5409 3844 5473 p.
3883 5405 4029 5470 290.
4067 5410 4205 5474 sqq.
4251 5401 4315 5452 et
4362 5407 4580 5459 annot.

2882 5504 3072 5553 nostr.
3117 5488 3180 5553 in
3238 5488 3679 5577 Olympiodor.
3718 5488 3782 5553 in
3812 5485 4019 5554 Alcib.
4062 5510 4160 5575 pr.
4190 5510 4254 5576 p.
4287 5507 4429 5574 171.
4472 5493 4585 5558 ubi
