5118 6613
1342 531 1539 597 LIB.
1587 532 1704 599 IV.
1751 530 2209 599 ENNEAD.
2256 511 2704 612 QUINTAE.
2750 556 2813 621 p.
2850 534 3213 620 949-958·
3929 539 4048 623 287

574 702 786 791 thing-s
812 702 888 768 of
907 702 1110 768 which
1148 702 1201 769 it
1241 702 1561 769 consistS.”
1647 705 1816 770 Nam
1844 705 1909 770 in
1937 704 2066 771 imo
2102 727 2268 770 mar-
2356 708 2715 775 invocatum
2744 705 3229 794 arcessitumque
3263 705 3342 773 sit
3383 705 3447 770 in
3492 704 3789 783 domum;
3835 710 4048 796 potius

570 807 718 896 gine
761 806 897 873 haec
947 806 1195 896 posuit:
1255 813 1302 848 “
1328 806 1585 873 Instead
1631 805 1706 872 of
1742 811 1808 874 ἐκ
1862 808 2104 874 πάντων
2159 809 2270 888 ἔξω
2354 810 2746 890 crediderim,
2789 808 3234 898 philosophum
3274 822 3555 875 nostrum
3599 809 3873 899 tetigisse
3915 815 4043 878 ἐπι·

575 912 760 986 ἐστὶν,
787 909 837 975 it
866 910 920 975 is
950 932 1271 998 necessary
1293 922 1359 974 to
1379 909 1529 976 read
1551 912 1618 976 ἐκ
1644 911 1883 977 πάντων
1905 914 1968 992 ἐξ
1989 911 2059 977 οὗ
2078 913 2267 977 ἐστιν.
2356 914 2616 998 φάνειαν
2645 912 2886 979 Cereris
2913 912 2980 978 in
3008 912 3251 978 aedibus
3280 912 3449 978 Celei
3479 912 3809 994 Eleusinii,
3840 938 4044 1002 quan-

576 1013 722 1079 The
743 1013 1047 1102 necessity
1068 1014 1144 1079 of
1165 1012 1288 1079 this
1310 1013 1707 1079 emendation
1728 1037 1853 1080 was
1881 1028 1992 1080 not
2009 1036 2153 1080 seen
2178 1012 2266 1102 by
2355 1016 2697 1105 doquidem
2739 1015 2805 1082 in
2846 1015 3041 1103 hujus
3083 1014 3284 1102 reguli
3327 1013 3493 1086 aedes
3535 1015 3821 1081 arcessita
3855 1016 4045 1081 adeo·

573 1116 852 1196 Ficinus,
885 1117 1090 1183 whose
1129 1115 1490 1182 translation
1518 1116 1593 1181 of
1616 1117 1739 1182 this
1781 1130 1924 1205 part
1960 1117 2014 1182 is
2051 1139 2264 1182 conse·
2351 1144 2478 1208 que
2505 1119 2866 1186 introducta
2893 1118 3095 1184 fertur
3132 1118 3214 1183 ab
3254 1117 3536 1184 Homero
3561 1117 3662 1184 vel
3692 1120 4045 1185 Homerida

572 1219 832 1308 quentJy
864 1243 1017 1308 very
1037 1242 1392 1286 erroneous.
1481 1221 1612 1285 For
1639 1219 1781 1284 how
1808 1242 1924 1285 can
1955 1219 2062 1285 the
2091 1218 2263 1284 suffi·
2350 1222 2414 1287 in
2457 1225 2723 1312 Hymno
2764 1221 2831 1287 in
2876 1223 3191 1287 Cererem.
3281 1222 3428 1286 Hoc
3457 1220 3508 1286 si
3536 1243 3889 1287 sumamus:
3935 1247 4037 1288 co-

568 1321 783 1411 ciency
812 1322 887 1387 of
924 1322 1197 1387 intellect
1236 1322 1466 1388 consist
1492 1320 1567 1388 of
1596 1345 1677 1388 an
1715 1322 2169 1389 accumulation
2197 1323 2273 1389 of
2346 1326 2638 1415 gitavisse
2678 1325 3001 1415 putandus
3041 1338 3135 1390 est
3177 1323 3469 1390 Plotinus
3508 1324 3625 1390 hos
3650 1348 3866 1391 versus
3904 1328 4039 1414 ejus

568 1425 651 1491 all
681 1425 894 1513 things
919 1424 1313 1512 externally?
1358 1427 1523 1491 Haec
1568 1426 1833 1515 Taylor.
1924 1426 2069 1502 Sed,
2112 1449 2265 1514 pace
2349 1429 2641 1496 carminis
2670 1430 2826 1514 (279
2857 1432 3100 1516 seqq.):

570 1528 996 1595 humanissimi
1038 1528 1179 1608 viri,
1219 1528 1483 1594 dixerim
1531 1529 1806 1617 primum
1853 1527 2014 1592 illud
2055 1530 2264 1595 τούτου
2509 1554 2821 1624 —n‘jxeae
2846 1551 3353 1626 φε-Ποςῶρὸχροὸς
3377 1550 3650 1607 domam

571 1631 636 1697 h.
658 1631 701 1696 l.
758 1655 882 1697 non
940 1632 1250 1720 pertinere
1305 1632 1388 1696 ad
1445 1633 1843 1711 intellectum,
1902 1654 2123 1696 verum
2179 1630 2262 1696 ad
2510 1652 2687 1724 λάμπε
2710 1653 2831 1709 Oeae
2895 1681 2979 1694 .-
3036 1682 3120 1695 ..
3183 1680 3267 1693 .-
3331 1678 3417 1694 ....
3480 1679 3563 1695 ...-

581 1737 795 1801 Unum
823 1735 951 1800 sive
980 1736 1234 1801 Bonum
1267 1734 1365 1818 (τὸ
1396 1736 1482 1810 ἓν,
1513 1735 1583 1799 τὸ
1613 1737 1912 1820 ἀγαθόν);
1959 1733 2185 1800 deinde
2214 1734 2265 1800 si

572 1838 726 1926 quid
756 1838 1151 1903 commissum
1172 1838 1251 1903 sit
1279 1838 1342 1903 in
1374 1838 1472 1902 his
1496 1838 1717 1917 verbis,
1733 1838 1799 1903 id
1822 1837 2065 1903 restitui
2085 1861 2267 1925 posse

572 1942 767 2007 videri
812 1941 943 2007 solo
993 1941 1260 2007 delendo
1310 1943 1397 2020 ἐκ,
1459 1956 1678 2030 utpote
1734 1964 1813 2005 ex
1864 1941 2266 2008 antecedente

574 2045 811 2132 syllaba
847 2046 1107 2111 fortasse
1149 2057 1298 2110 nato
1348 2047 1841 2129 (αὕταρκΕΣΕΚ)
1888 2068 1961 2110 ac
2003 2044 2267 2132 proinde

571 2149 732 2214 banc
759 2171 891 2214 esse
920 2148 1283 2215 sententiam
1313 2147 1506 2235 hujus
1535 2146 1675 2226 loci,
1705 2157 1765 2212 et
1791 2150 1945 2236 quia
1970 2148 2119 2212 huic
2152 2150 2262 2232 (sc.

571 2253 689 2341 ipsi
718 2254 930 2336 Bono)
958 2253 1335 2339 wfficimtz'a
1365 2253 1445 2316 ab
1483 2253 1771 2316 omnibus
1799 2253 1985 2317 rebus
2020 2261 2264 2316 exemia

573 2356 734 2439 (sive
761 2354 1085 2441 immunis)
1130 2363 1241 2419 est.
1332 2353 1743 2420 Germanice:
1793 2359 1840 2394 ‘⁴
1873 2353 2001 2419 und
2030 2353 2164 2419 weil
2199 2353 2263 2418 in

572 2458 942 2545 Beziehung
997 2457 1117 2522 auf
1154 2456 1353 2522 dieses
1401 2456 1542 2539 (das
1590 2457 1766 2521 Gute
1814 2479 1893 2522 an
1945 2457 2105 2542 sich)
2153 2456 2266 2523 das

572 2562 699 2628 sich
750 2562 1242 2650 Selbstgenfigen
1285 2561 1376 2626 als
1418 2561 1845 2648 unabhaengig
1879 2584 2001 2625 von
2046 2560 2262 2626 Allem

570 2665 841 2754 gedacht
883 2665 1131 2730 werden
1175 2665 1404 2730 mussss'
1492 2663 1681 2743 Quod
1723 2663 1871 2728 alibi
1922 2663 2096 2753 apud
2149 2663 2263 2728 hos

569 2766 971 2857 philosophos
991 2767 1222 2833 dicitur
1244 2767 1482 2833 πάντων
1506 2766 1863 2848 ἐξῃρημένον
1893 2766 2064 2833 εἶναι.
2137 2766 2263 2832 Sed

570 2870 831 2937 fortasse
856 2894 938 2936 ne
964 2893 1208 2936 necesse
1236 2869 1493 2957 quidem
1524 2868 1712 2933 deleri
1747 2871 1847 2933 ἑκε
1894 2868 2068 2955 quod
2113 2868 2258 2935 Plo·

575 2974 744 3040 tinus
770 2971 1002 3038 addere
1030 2971 1237 3060 potuit
1265 2970 1741 3036 corroborandae
1771 2970 2092 3036 sententia²
2118 2994 2261 3059 gra-

574 3076 678 3142 tia.
767 3077 1061 3141 Nostram
1112 3073 1478 3140 sententiam
1525 3074 1891 3139 confirmant
1925 3089 1989 3138 et
2029 3096 2262 3160 proece-

575 3178 788 3245 dentia
828 3193 892 3243 et
929 3201 1075 3264 quae
1120 3176 1412 3264 deinceps
1454 3176 1968 3263 sequuntur‚'ubi
2014 3178 2263 3243 Bonum

578 3282 851 3348 ἐπέκεινα
881 3281 1224 3364 αὐταρκείας
1250 3279 1501 3347 dicitur.

659 3409 729 3474 p.
761 3385 913 3471 956,
931 3403 990 3451 2.
1041 3386 1109 3448 ἐν
1137 3387 1201 3449 δὲ
1228 3384 1420 3463 πάντη
1450 3387 1620 3471 ἁπλῷ
1650 3383 1910 3463 διέξοδος
1929 3387 2017 3452 τίς
2046 3387 2260 3471 iorem]

579 3486 726 3552 Solo
751 3500 1009 3552 accentu
1039 3500 1283 3550 mutato
1311 3486 1586 3552 nascitur
1626 3485 2030 3574 interrogatio
2072 3511 2265 3577 nega-

576 3587 759 3653 tionis
787 3587 914 3652 vim
943 3586 1223 3665 habens3
1272 3602 1344 3653 ut
1382 3588 1644 3675 proinde
1673 3610 1796 3654 nou
1826 3612 1987 3676 opus
2016 3589 2096 3655 sit
2121 3613 2266 3656 cum

579 3689 856 3778 Taylore
881 3689 1275 3777 interponere
1304 3690 1393 3756 οὐ.

661 3831 750 3845 -
780 3811 839 3877 7.
884 3795 1031 3857 ὅταν
1059 3793 1261 3875 ὥσπερ
1299 3791 1434 3860 θεὸς
1469 3795 1677 3871 ἄλλος,
1711 3795 1826 3876 (sc.
1856 3797 2012 3876 παρῇ
2054 3816 2130 3857 ex
2161 3816 2270 3859 an·

579 3895 900 3963 tecedente
924 3898 1228 3980 παρεῖναι)
1260 3896 1407 3960 ὅταν
1437 3897 1521 3963 εἰς
1562 3895 1728 3961 οἶκον
1756 3898 2078 3965 καλοῦν-τός
2112 3921 2271 3965 τινος

580 4002 773 4066 ἐλθὸν
801 4000 1033 4083 φωτίσῃ
1074 4025 1126 4064 κ.
1153 4024 1212 4064 τ.
1232 3999 1330 4087 λ.]
1381 3998 1723 4063 Cousulere
1766 3998 1914 4063 huic
1957 3999 2093 4065 loco
2136 4014 2266 4064 stu-

577 4103 689 4168 dui
722 4101 1250 4190 interpungendo.
1339 4101 1498 4171 Θεὸς
1540 4103 1749 4182 ἄλλος,
1776 4102 1816 4166 i.
1841 4125 1894 4166 e.
1924 4101 2140 4189 quales
2182 4102 2271 4167 dii

577 4205 791 4272 deaeve
816 4205 1093 4292 vulgatae
1133 4203 1447 4292 religionis
1489 4226 1942 4291 nonnunquam
1971 4227 2272 4293 apparere

579 4310 896 4376 dicuntur.
973 4309 1208 4398 Taylor
1221 4309 1303 4374 ad
1334 4308 1400 4374 h.
1424 4308 1467 4373 l.
1500 4332 1624 4375 non
1645 4307 1917 4387 dubitat,
1940 4309 2095 4396 quin
2127 4309 2272 4375 Plo-

578 4413 747 4479 tinus
774 4413 877 4479 hic
904 4411 1247 4500 respexerit
1283 4410 1362 4476 ad
1402 4435 1582 4500 opem
1616 4411 1927 4478 Minervae
1954 4411 2270 4478 lucernam

579 4516 966 4606 praeferentis
984 4516 1050 4580 in
1071 4515 1315 4581 aedibus
1344 4516 1553 4581 Ulixis
1573 4516 1745 4604 apud
1768 4516 2019 4581 Poetam
2042 4515 2268 4606 Odyss.

620 4839 850 4914 χρύσεον
873 4838 1070 4910 λύχνον
1094 4841 1310 4910 ἔχουσα,
1338 4839 1477 4910 φάος
1500 4839 1811 4911 περικαλλὲς
1837 4839 2001 4894 ἐποίει
2027 4861 2077 4896 ae.
2095 4861 2144 4895 τ.
2160 4842 2215 4895 λ.

584 4937 727 5013 Quo
762 4934 845 4999 de
893 4932 1029 4998 loco
1070 4947 1135 4996 et
1183 4934 1477 4998 Stuartus
1522 4931 1653 5018 egit
1699 4931 2019 5020 hujusque
2060 4955 2272 4997 recens

583 5036 785 5102 editor
810 5035 875 5101 in
907 5035 1169 5122 Antiqq.
1190 5034 1267 5100 of
1283 5035 1524 5100 Athen.
1546 5050 1609 5100 et
1637 5034 1770 5122 ipse
1795 5036 2011 5100 monui
2040 5035 2103 5100 in
2131 5035 2272 5101 Ad-

583 5138 937 5206 ditameutis
963 5138 1046 5203 ad
1088 5137 1421 5203 editionem
1469 5137 1706 5202 Stuarti
1747 5138 2165 5225 germanicam
2208 5156 2273 5204 et

581 5242 835 5329 quidem
855 5240 937 5306 ad
960 5241 1103 5306 Vol.
1129 5242 1189 5307 1.
1220 5242 1374 5306 Not.
1405 5262 1431 5306 1
1447 5261 1500 5304 1.
1531 5264 1596 5329 p.
1621 5240 1769 5323 487.
1791 5241 1887 5306 ed.
1909 5243 2270 5308 Darmstad.

587 5343 765 5410 Illam
805 5342 1028 5431 optimi
1058 5343 1173 5408 viri
1201 5344 1620 5431 conjecturam
1649 5359 1722 5410 ut
1763 5366 1887 5410 non
1919 5368 2273 5434 usquequa-

583 5471 704 5535 que
751 5445 1166 5534 improbatam
1215 5446 1378 5524 volo‚
1424 5447 1533 5526 ita,
1578 5445 1690 5511 ubi
1738 5470 1983 5513 mecum
2025 5464 2272 5537 reputo,

587 5548 904 5614 Plotinum
932 5549 997 5615 h.
1026 5549 1071 5614 1.
1102 5571 1441 5615 memorare
1470 5572 1725 5629 numen,
1749 5551 1922 5638 quod
1951 5552 2033 5618 ab
2063 5552 2274 5642 aliquo

2511 1752 2675 1825 αὐγῆς
2698 1748 2743 1806 δ’
2773 1748 3009 1819 ε’πλῆσθη
3033 1748 3244 1805 πυκινὸς
3270 1747 3445 1818 δόμος,
3466 1746 3759 1821 ἀστεροπῆς
3777 1745 3952 1806 ὅςμ-

2353 1863 2491 1927 Nec
2508 1861 2629 1926 hoc
2650 1861 2857 1949 ipsum
2877 1874 3083 1925 tamen
3102 1857 3358 1946 praecise
3383 1855 3827 1935 contenderim,
3852 1857 4040 1945 siqui-

2351 1963 2495 2029 dem
2541 1963 2831 2028 Plotinus
2880 1962 3165 2027 universe
3212 1961 3485 2048 cogitare
3536 1960 3746 2048 potuit
3788 1960 4039 2027 invoca-

2350 2067 2546 2132 tiones
2573 2065 3116 2155 apparitionesque
3143 2064 3404 2130 deorum
3435 2086 3546 2129 sua
3575 2087 3829 2151 quoque
3859 2078 4041 2130 aetate

2347 2170 2688 2235 admodum
2719 2168 3075 2234 celebratas.

2992 2406 3189 2470 LIB.
3258 2408 3374 2471 IV.

2434 2585 2501 2650 p.
2534 2578 2685 2648 957,
2719 2576 2779 2640 7.
2826 2559 3007 2623 ΠΩΣ
3038 2562 3212 2624 Ano
3240 2562 3407 2624 ΤΟΥ
3428 2563 3766 2624 ΠΡΩΤΟΎ
3783 2562 3895 2623 ΤΟ
3922 2559 4039 2641 (ita

2345 2665 2532 2731 etiam
2566 2661 2961 2750 Porphyrius
2987 2660 3070 2726 de
3101 2661 3234 2727 vit.
3256 2660 3477 2726 Plotin.
3507 2685 3565 2727 c.
3592 2680 3698 2746 25,
3734 2660 3843 2726 sed
3872 2661 4036 2726 idem

2347 2769 2543 2834 altero
2580 2766 2718 2832 loco
2746 2790 2799 2832 c.
2829 2787 2890 2846 4.
2922 2769 3015 2840 τὸ,
3047 2763 3276 2829 rectius
3318 2765 3364 2828 J
3372 2764 3549 2830 udice
3586 2764 3773 2830 etiam
3815 2764 4039 2829 Fabri-

2347 2872 2513 2959 (τίοι)
2564 2875 2795 2935 ΜΕΤΑ
2844 2873 2956 2934 ΤΟ
3015 2872 3380 2942 ΠΡΩΤΟΝ,
3429 2873 3568 2933 ΚΑΙ
3624 2874 3818 2933 ΠΕΡΙ
3872 2873 4042 2934 ΤΟΥ

2347 2974 2622 3061 ἘΝΟΣ]
2676 2972 2872 3039 Liber
2900 2971 3222 3059 septimus,
3247 2970 3299 3035 si
3326 2986 3576 3059 tempus
3612 2971 3885 3060 respicis,
3911 2995 4042 3060 quo

2350 3077 2579 3167 singuli
2609 3075 2900 3164 deinceps
2927 3098 2965 3139 a
2996 3074 3247 3139 Plotino
3272 3072 3482 3162 scripti
3512 3090 3680 3140 sunt.
3738 3075 3844 3140 Cf.
3877 3077 4040 3140 Por·

2349 3182 2535 3272 phyr.
2570 3179 2631 3243 ll.
2662 3179 2726 3243 ll.

2437 3310 2499 3374 p.
2532 3284 2683 3370 958,
2707 3303 2771 3370 3.
2819 3284 2896 3348 ΕΖ
2937 3285 3053 3365 γὰρ
3089 3282 3170 3364 μὴ
3205 3284 3435 3347 ἁπλοῦν
3476 3281 3648 3347 ἔσται
3686 3283 4043 3363 συμβάσεως

2353 3390 2463 3470 ἔξω
2492 3390 2687 3469 πάσης
2717 3388 2812 3452 καὶ
2841 3385 3227 3474 συνθέσεως.]
3297 3384 3520 3450 Delevi
3557 3385 3820 3450 alterum
3849 3387 4044 3466 πάσης

2350 3508 2496 3559 ante
2552 3490 2890 3557 συνθέσεως
2945 3486 3314 3553 auctoritate
3361 3488 3663 3552 bonorum
3714 3487 4035 3552 librorum.

2354 3598 2520 3662 Cum
2550 3608 2763 3658 nostro
2803 3591 2940 3656 loco
2983 3590 3249 3656 conferri
3294 3590 3545 3668 debent,
3573 3612 3717 3677 quae
3744 3589 4041 3678 leguntur

2352 3701 2514 3764 infra
2542 3723 2610 3785 p.
2634 3718 2780 3783 590.
2815 3698 2892 3761 C.
2920 3696 2985 3759 D
3010 3719 3025 3758 ε
3076 3697 3202 3777 εἴγε
3229 3694 3334 3758 οὐκ
3363 3694 3492 3757 ἔστι
3518 3695 3723 3757 πολλὰ
3760 3692 3930 3767 εἶναι,
3962 3695 4043 3772 μὴ

2355 3803 2486 3871 ἑνὸς
2533 3804 2725 3875 ὄντος,
2786 3800 2921 3864 οὐδὲ
2969 3796 3222 3881 μέγεθος
3273 3798 3353 3877 μὴ
3408 3795 3754 3878 ἆμεγέθους·
3798 3798 3923 3878 εἴγε
3971 3798 4040 3861 τὸ

2351 3906 2604 3989 μέγεθος
2633 3905 2700 3970 ἓν
2729 3904 2798 3968 οὗ
2821 3902 2890 3966 τὸ
2920 3901 3062 3966 αὐτὸ
3101 3900 3187 3975 ἓν,
3219 3900 3383 3964 ἀλλὰ
3409 3902 3489 3984 τῷ
3516 3897 3791 3982 μετέχειν
3818 3904 3924 3963 τοῦ
3952 3901 4039 3974 ἓν,

2357 4009 2450 4073 καὶ
2480 4011 2627 4072 κατὰ
2655 4008 2998 4087 σῦμβασινε
3047 4003 3157 4068 ubi
3186 4001 3401 4068 eadem
3432 4001 3524 4066 vis
3557 4001 3842 4067 vocabuli
3887 4003 4047 4068 obti-

2354 4126 2481 4175 net.
2552 4108 2678 4174 Sed
2708 4107 2891 4173 tertio
2911 4106 3047 4173 loco
3074 4130 3138 4195 p.
3162 4123 3309 4191 749.
3334 4106 3421 4170 D.
3451 4119 3582 4170 est:
3630 4106 3795 4194 quod
3821 4117 4045 4172 temere

2353 4214 2603 4291 accidit,
2633 4211 2798 4301 quod
2809 4212 3001 4297 sbrie
3026 4212 3124 4298 fit
3143 4235 3166 4273 .·
3211 4209 3279 4273 τὸ
3325 4211 3510 4277 ὅντως
3552 4209 3648 4273 καὶ
3690 4209 3757 4273 τὸ
3810 4216 4043 4291 πρῶτον

2356 4318 2564 4400 ἀμιγὲς
2604 4318 2808 4401 τύχαις
2851 4315 2946 4379 καὶ
2995 4312 3300 4398 αὐτομάτῳ
3355 4312 3451 4376 καὶ
3495 4311 3815 4392 συμβάσει,
3855 4317 4045 4378 αἴτιον

2359 4424 2589 4494 ἑαυτοῦ,
2639 4422 2733 4484 καὶ
2769 4417 2903 4500 παρ’
2937 4419 3116 4482 αὑτοῦ
3151 4417 3246 4480 καὶ
3284 4413 3355 4479 δι’
3386 4414 3565 4479 αὑτὸν
3610 4415 3803 4483 αὐτός.
3913 4416 4042 4481 Ubi

2355 4521 2618 4611 proinde
2662 4520 2873 4587 similis
2902 4518 3345 4584 vocabulorum
3375 4517 3537 4583 ratio
3562 4517 3823 4597 obtinet,
3852 4537 4045 4606 atque

2355 4625 2525 4704 alibi,
2558 4625 2669 4690 ubi
2698 4638 2995 4711 tanquam
3026 4621 3333 4688 contraria
3360 4620 3523 4686 iuter
3557 4644 3622 4686 se
3664 4639 4045 4709 usurpantur

2358 4729 2426 4793 τὸ
2461 4732 2608 4793 κατα
2637 4725 3017 4808 συμβεβηκὸς
3044 4740 3108 4790 et
3132 4724 3201 4788 τὸ
3236 4725 3366 4788 καθ’
3398 4725 3561 4799 αὑτό,
3591 4738 3664 4789 ut
3692 4724 3864 4813 apud
3899 4727 4046 4792 Pro-

2354 4831 2521 4897 clum
2551 4832 2615 4895 in
2643 4829 2840 4895 Alcib.
2866 4852 2967 4917 pr.
3003 4852 3067 4917 p.
3093 4848 3240 4914 333.
3265 4846 3345 4913 33
3350 4844 3414 4912 5.
3433 4846 3581 4914 339.
3606 4842 3669 4892 et
3698 4851 3797 4916 ap.
3825 4829 4044 4916 Olym-

2352 4933 2595 5023 piodor.
2626 4931 2690 4997 in
2733 4931 2924 4997 eund.
2970 4956 3032 5020 p.
3073 4949 3215 5014 117.
3253 4945 3317 4994 et
3362 4949 3501 4996 120.
3596 4930 3725 4995 Hic
3767 4931 4040 5018 philoso-

2356 5037 2624 5124 phorum
2683 5035 2852 5101 vocis
2909 5038 3208 5116 σύμβασις
3266 5056 3416 5098 usus
3465 5033 3923 5121 consignandas
3977 5038 4041 5099 in

2360 5139 2610 5204 Lexicis
2636 5152 2751 5217 est,
2781 5137 3012 5226 quibus
3041 5136 3238 5201 multa
3265 5136 3493 5201 desunt
3533 5134 3615 5201 ad
3650 5135 4044 5224 philosopho-

2358 5265 2499 5307 rum
2527 5242 2867 5307 orationem
2911 5239 3278 5304 noscendam
3321 5261 3655 5326 sanequam
3687 5240 4038 5305 necessaria.

2358 5347 2561 5410 Mox:
2609 5345 2678 5411 τὸ
2709 5348 2824 5428 γὰρ
2854 5344 2921 5407 τὸ
2950 5344 3030 5423 μὴ
3069 5348 3300 5424 πρῦτον
3339 5344 3538 5410 ἐνδεὲς
3580 5346 3685 5405 τοῦ
3714 5341 3827 5423 πρὸ
3863 5344 4043 5407 αὐτοῦ

2363 5449 2466 5513 Cf.
2499 5472 2688 5537 supra
2715 5447 2890 5512 initio
2912 5447 3103 5533 hujus
3129 5445 3377 5533 capitis:
3411 5449 3517 5509 τοῦ
3534 5447 3645 5524 μὶν
3667 5444 3763 5508 ἐπὶ
3792 5445 3862 5509 τὸ
3882 5454 4040 5528 πρῶ-

2360 5580 2465 5617 τον
2504 5557 2608 5617 τοῦ
2652 5550 2922 5631 δευτέρου
2964 5548 3354 5632 ἀναγομένου,
3389 5546 3495 5612 ubi
3528 5544 3810 5614 Vaticani
3847 5548 4038 5614 Codi-
